2169 3047
254 236 304 262 lo

246 234 448 324 est.3}inge
474 273 564 317 tibi,
587 275 698 318 olim,
723 278 869 319 Juvenes
892 289 950 323 pe·
987 279 1018 313 A

246 327 371 364 culiari
399 325 506 360 titulo
537 328 729 372 appellatos
758 326 855 363 fuiffe
885 330 949 362 Va-

242 391 319 426 gos,
344 375 436 423 quod
474 375 510 409 in
539 388 671 410 amores
701 378 824 422 proni,
851 379 885 413 &
913 391 948 413 a·

246 426 322 462 vidi
342 425 407 461 huc
429 424 466 461 &
488 426 574 461 illuc
595 439 822 474 vagarentur,
844 442 948 477 quae-

244 476 392 513 ritantes
420 476 594 523 alpefi’tum
623 477 829 514 feminarum
848 507 858 523 ,
891 488 950 515 aut

245 526 381 574 alloqui
412 527 588 575 virgines,
625 528 752 563 aliasve
789 531 950 565 mulieres

246 577 446 613 adamatas.
475 580 520 613 Et
547 577 625 614 sane
654 581 774 625 Vagam
797 571 950 624 juventu-

246 637 307 662 tem
327 627 506 663 Martialis
531 630 724 677 appellavit
748 629 830 666 Lib.
852 642 884 666 2.
905 633 951 665 E·

246 677 469 727 pigrammat.
495 690 556 726 90.
584 679 772 727 inquiens:

246 778 473 825 Ωιιίητὶἰίαηε,
512 783 617 827 Vagae
643 782 814 816 moderator
834 781 954 827 summe

343 841 520 876 juventae.

249 931 369 968 Postea
396 930 579 967 invaluifl‘e
607 932 724 979 potuit
759 936 864 980 Vagus
890 946 953 981 pro

239 983 384 1028 Juvem‘s
412 982 581 1023 Venustus,
606 982 642 1018 ὃ(
667 987 805 1020 Amator
831 985 950 1017 Mulie-

247 1046 341 1071 rum,
377 1032 671 1080 quemadmodum
709 1046 799 1069 nunc
836 1034 861 1067 il
887 1036 952 1067 Ga-

247 1084 356 1127 lame,
393 1084 418 1117 it
454 1082 613 1118 Cicisbeo.
651 1085 727 1119 Aut
763 1097 781 1118 a
811 1084 954 1118 Feminis

248 1134 373 1180 Magis,
410 1146 497 1181 quae
534 1134 691 1181 vagando
728 1134 883 1168 virorum
922 1132 954 1167 se

247 1184 389 1228 cupidas
426 1184 600 1228 produnt.
637 1186 794 1228 Usquequo
833 1182 953 1215 deliciis

243 1230 442 1278 dissolveris,
458 1229 535 1274 filia
558 1233 675 1277 Vaga?
699 1230 844 1267 habetur
863 1232 952 1267 Hie-

246 1281 376 1316 remiae
396 1281 483 1324 Cap.
506 1291 563 1323 31.
583 1280 668 1312 vers.
690 1291 748 1313 22.
772 1281 850 1313 Sint
870 1282 952 1314 haec

246 1328 406 1365 somnia:
439 1340 509 1362 non
538 1340 717 1376 repugno.
754 1330 859 1363 Certe
886 1332 953 1363 Ga—

246 1380 334 1415 lante
362 1378 450 1427 apud
479 1390 541 1413 nos
569 1391 676 1425 aeque
704 1377 873 1427 significat
895 1382 954 1413 Ve-

248 1432 390 1472 nussum,
417 1430 450 1464 &
480 1428 666 1470 Amafium.

200 1482 337 1528 Vaglio.
373 1483 519 1514 Crtbrum
540 1506 550 1523 ‚
588 1482 746 1515 Vannus.
786 1480 845 1516 Ab
880 1479 955 1528 ipso

221 1571 224 1575 ἲ
250 1534 379 1567 Vannus
404 1529 607 1579 gradatione
630 1530 688 1565 ista
712 1530 897 1580 Menagius
922 1530 955 1566 I—

248 1582 391 1619 talicam
412 1594 532 1616 vocem
553 1581 682 1617 traxit.
702 1585 829 1616 Vannus
843 1609 852 1625 ‚
870 1585 955 1616 Van-

249 1634 365 1676 nulus,
397 1633 529 1676 Vanus,
561 1633 707 1670 Vallim,
736 1633 862 1672 Vallia,
893 1635 956 1666 Va-

245 1684 334 1730 glio.
362 1682 485 1719 Unum
513 1696 577 1731 ego
605 1683 713 1725 novi,
738 1682 873 1719 scilicet
897 1681 957 1717 sub

250 1734 318 1769 hoc
348 1734 442 1769 sensu
470 1746 592 1769 vocem
632 1733 759 1767 Vallum
796 1733 851 1768 seu
881 1734 955 1767 Val-

249 1786 300 1819 Ius
328 1784 522 1830 usurpatam
562 1783 659 1817 fuiffe
686 1797 705 1817 a
735 1786 891 1818 Varrone
918 1783 957 1818 de

250 1836 303 1870 Re
332 1832 467 1869 Rustica
497 1833 576 1869 Lib.
609 1834 634 1867 1.
662 1834 748 1880 Cap.
779 1845 836 1878 52·
863 1838 958 1878 Opor-

250 1894 295 1918 tet
323 1883 500 1930 (inquit)
528 1897 543 1916 e
570 1893 652 1917 terra
671 1883 854 1928 subjac‘lari
883 1888 958 1919 ral-

251 1934 294 1967 lis
311 1957 319 1971 ‚
345 1944 402 1967 aut
431 1932 644 1968 Ventilabris.
680 1933 734 1969 Ita
760 1935 851 1981 quod
882 1937 959 1970 An-

253 1985 330 2033 glos
357 1994 387 2017 to
415 1983 579 2022 Wallow,
608 1982 823 2031 significante
851 1988 960 2020 Volca-

255 2048 306 2074 ee,
334 2033 528 2078 Rivoltare‚
556 2033 746 2072 Dimenare,
773 2036 899 2070 Gittare
928 2036 963 2070 di
985 2013 1034 2069 'E

250 2084 332 2130 sotto
360 2084 392 2118 in
423 2084 536 2130 sopra.
573 2084 754 2131 Accepisse
791 2084 856 2120 hoc
885 2073 989 2140 ver-l

256 2134 339 2169 bum
370 2133 531 2170 Britanni
560 2134 724 2170 videntur
759 2136 801 2170 ab
840 2135 961 2171 eodem

255 2183 376 2228 fonte,
400 2198 419 2220 a
440 2198 511 2232 quo
533 2185 634 2220 Itali.
660 2185 881 2221 Mutinenses
901 2200 963 2234 pro
985 2160 989 2236 s

209 2277 213 2280 .
256 2236 372 2281 Vaglio
398 2234 522 2269 dicunt
553 2236 669 2280 Vallo,
705 2237 755 2270 &›
775 2236 990 2286 diminuti—3

254 2285 300 2320 va
337 2283 447 2321 formai
478 2285 643 2325 Vallem,
679 2286 771 2333 quod
810 2287 990 2345 primum]

257 2348 336 2371 cum
360 2338 516 2371 Varrone
536 2335 723 2371 consonat.
753 2339 854 2372 Nunc
877 2340 964 2374 Ger·
986 2349 990 2388 ᾗ

257 2386 354 2423 mani
381 2385 505 2422 dicunt
533 2387 704 2432 Waltzen.
736 2387 898 2424 Fortaffis
924 2402 964 2425 o·
987 2400 995 2586 ί

1004 1631 1037 1664 D

258 2437 325 2472 lim
353 2437 418 2483 hoc
449 2436 590 2472 verbum
628 2436 731 2473 aliter
757 2439 945 2475 efferebant

216 2484 328 2541 ῖίιὶεξ.ι
347 2489 540 2533 ngricans.
576 2487 747 2525 Latinum
784 2490 897 2524 Varius
923 2504 947 2525 o

222 2583 226 2586 ὴ
261 2546 413 2583 rlglnem
440 2539 612 2576 vocabulo
633 2538 717 2576 huic
738 2539 864 2591 dediss'e
890 2553 946 2584 cre

536 214 901 259 Dss'SSERTATlo
932 213 1474 260 TRIGESIMAYERTIA:

1106 275 1201 309 ditur
1225 276 1413 322 Menagio.
1438 234 1694 328 Conjelz'iuralrri3
1706 223 1814 314 3ifiius

1107 326 1232 360 laudo.
1269 325 1331 359 Sed
1369 337 1479 361 meam
1518 328 1685 374 praeferre
1722 328 1814 365 mihi

1108 384 1237 420 liceat.
1274 386 1302 419 E
1331 386 1464 420 Graeco
1492 378 1613 424 Φαιὸς
1641 387 1814 426 effluxisse

1109 447 1195 484 puto
1222 434 1372 470 nostrum
1402 436 1497 471 Vaio.
1538 437 1629 472 Inter
1659 441 1815 476 Nazian-

1109 487 1190 521 zeni
1228 485 1395 521 Carmina
1432 500 1450 522 a
1489 498 1544 520 me
1581 490 1741 536 evulgata
1776 490 1816 526 in

1110 536 1306 573 Anecdotis
1335 536 1498 579 Graecis,
1535 537 1818 577 Ducentefimum

1111 599 1275 635 quartum
1304 587 1386 623 haec
1414 588 1543 623 habet.

1121 681 1284 734 Λεύκου,
1309 680 1376 722 καὶ
1402 681 1585 725 Μέλανος
1609 683 1727 737 ‘uem-fi
1752 684 1819 738 φύ-

1182 757 1243 783 σης
1277 739 1333 784 ἔςῖ
1364 739 1409 782 τό
1439 739 1586 782 <Damna

1117 839 1228 876 Idest:
1267 844 1321 876 Ex
1347 841 1419 876 all‘o
1455 841 1602 888 nigroque
1636 842 1736 878 mixta
1763 858 1823 880 na·-

1115 901 1188 926 tura
1206 892 1330 926 colorem
1351 892 1487 938 Phajum
1501 920 1510 934 ,
1537 893 1592 928 seu
1613 894 1745 936 Fuscum
1762 905 1824 941 pa-

1116 942 1179 976 rit.
1208 942 1303 977 Idem
1331 943 1439 977 tradit
1461 944 1660 978 Alexander
1683 944 1825 992 Aphro-

1116 992 1274 1032 disaeus,
1304 993 1401 1041 cujus
1430 993 1532 1028 verba
1568 993 1605 1029 in
1635 994 1743 1030 Notis
1771 1002 1825 1029 at-

1117 1042 1206 1078 tuli.
1243 1045 1454 1079 Graecorum
1485 1044 1598 1078 Phaios
1629 1057 1690 1079 nos
1721 1043 1826 1080 facile

1118 1093 1356 1129 convertimus
1384 1094 1422 1129 in
1452 1096 1553 1137 Vaio,
1588 1094 1828 1130 Macedonum

1119 1165 1240 1190 more,
1270 1153 1332 1199 qui
1367 1166 1430 1199 pro
1458 1145 1512 1188 (D
1541 1153 1750 1199 usurpabant
1787 1155 1827 1189 B.

1120 1201 1310 1236 Plutarcho
1338 1202 1443 1248 teste;
1472 1202 1584 1236 immo
1612 1201 1649 1237 ὅ(
1678 1203 1831 1238 Latino-

1118 1265 1223 1292 rum,
1260 1250 1313 1286 uti
1350 1250 1598 1295 Quintilianus
1636 1251 1739 1287 fidem
1778 1252 1830 1288 fa-

1120 1299 1189 1333 cit.
1227 1302 1309 1334 Non
1340 1312 1446 1333 unum
1475 1302 1674 1347 exemplum
1704 1303 1829 1338 attulit

1121 1348 1234 1383 Festus
1271 1348 1312 1383 ad
1343 1361 1464 1384 vocem
1495 1350 1660 1386 Balaena.
1700 1353 1830 1388 Pnoco-

1121 1398 1198 1446 pius
1224 1399 1305 1435 Lib.
1328 1400 1353 1434 1.
1377 1398 1543 1447 Cap.'18.
1568 1401 1608 1436 de
1635 1403 1735 1437 Bello
1755 1405 1830 1439 Go-

1120 1449 1246 1493 thico,
1283 1449 1443 1486 Belisarii
1480 1464 1607 1499 equum
1638 1452 1829 1500 describit,

1119 1500 1176 1547 qui
1210 1510 1272 1535 toto
1308 1500 1427 1544 Fuscus
1462 1513 1608 1548 corpore,
1644 1506 1828 1539 anteriorem

1121 1562 1250 1597 corports
1283 1561 1405 1596 partem
1440 1566 1461 1585 a
1490 1554 1614 1596 summa
1648 1555 1751 1597 fronte
1785 1556 1830 1591 ad

1122 1614 1211 1635 nares
1246 1600 1356 1635 eximio
1384 1602 1512 1636 candore
1548 1602 1700 1650 insignem
1734 1606 1830 1640 habe-

1120 1653 1175 1686 bat
1191 1678 1199 1686 .
1230 1654 1356 1699 Equum
1384 1651 1535 1697 ejusmodi
1560 1655 1702 1688 vocitant
1728 1658 1828 1690 Grae-

1121 1711 1148 1745 ci
1175 1701 1331 1747 <Danda
1362 1710 1375 1758 (
1390 1711 1570 1761 Phalium)
1605 1712 1747 1749 Barbari
1771 1729 1831 1749 ve-

1124 1773 1155 1803 rb
1182 1762 1324 1805 Βοιλοὶν
1354 1770 1490 1818 (Balan
1507 1771 1521 1820 )
1538 1798 1546 1807 .
1584 1771 1639 1808 Ibi
1676 1772 1830 1810 scriben-

1125 1830 1205 1864 dum
1235 1821 1381 1875 OEazdv,
1406 1824 1440 1862 8(
1465 1825 1602 1875 Bonan,
1628 1833 1721 1880 quod
1754 1834 1832 1869 Vaio

1126 1879 1236 1928 postea
1256 1878 1423 1915 evaserit.
1448 1882 1553 1916 Certe
1574 1882 1667 1918 idem
1688 1885 1830 1932 Equus,

1124 1939 1162 1965 ut
1199 1939 1298 1966 antea
1333 1929 1454 1966 scribit
1489 1931 1582 1967 idem
1614 1934 1831 1982 Procopius,

1121 1980 1244 2025 Φαιός
1273 1981 1331 2036 ἦν,
1361 1989 1426 2026 hoc
1454 1991 1519 2034 est,
1547 1993 1689 2038 Fuscus,
1716 1993 1833 2040 Nigri-

1121 2052 1193 2073 cans
1220 2051 1311 2083 erat,
1340 2053 1463 2090 nempe
1491 2042 1591 2077 Vaio.

1072 2092 1205 2136 Vanga.
1233 2091 1421 2135 Bipalium.
1453 2091 1545 2126 Vide
1572 2091 1671 2140 supra
1698 2092 1736 2129 in
1766 2092 1830 2139 hac

1121 2140 1241 2175 eadem
1271 2140 1522 2177 Differtatione
1537 2167 1547 2177 .

1071 2190 1270 2236 Vantaggio.
1301 2191 1392 2226 Vide
1420 2190 1519 2240 supra
1548 2191 1590 2228 ad
1618 2194 1831 2231 vocabulum

1119 2242 1387 2288 ·A!v·ziaezrztagg¹'t›.¹
1434 2270 1437 2271 ν

1071 2294 1206 2326 Varare.
1232 2294 1359 2326 Navem
1381 2293 1414 2326 in
1439 2305 1553 2339 aquam
1573 2295 1735 2330 deducere.
1761 2295 1830 2331 Ni-

1121 2341 1174 2376 hil
1201 2341 1318 2377 haeret
1338 2343 1544 2390 Menagius.
1570 2349 1614 2379 ,Α
1628 2346 1745 2380 Latino
1766 2349 1830 2381 Va-

1121 2404 1178 2435 ra,
1203 2391 1343 2438 inquit,
1362 2393 1565 2438 significa-vate
1588 2397 1738 2436 Trabem,
1763 2400 1830 2431 Pa-

1121 2444 1188 2476 lum
1199 2468 1214 2483 ,γ
1237 2442 1410 2478 perticam.
1439 2445 1578 2480 Haereo
1606 2459 1689 2494 ego.
1721 2447 1827 2494 Apud

1122 2492 1272 2529 Latinos
1300 2496 1421 2537 Varus,
1446 2498 1530 2531 Vara
1554 2494 1767 2543 significabat
1793 2511 1829 2533 a·

1119 2543 1241 2593 liquid·
1263 2543 1455 2581 incurvum..
1491 2545 1613 2582 Tibiis
1642 2547 1735 2582 Varis
1763 2546 1829 2584 ho·

1716 2610 1776 2634 mo
