2169 3047
384 197 468 250 763
733 189 1115 248 ANTJQUJT.
1127 189 1364 287 AMEDJJ
1399 191 1564 235 AEVJ
1815 200 1901 250 764

369 251 434 286 ses
447 248 596 286 Bordelto
612 248 665 286 in
686 220 754 286 usu
775 251 820 288 est
846 265 909 300 pro
929 251 1160 295 inhonestoA

334 297 525 346 strepitu,
550 302 584 336 8<
611 301 806 342 Prostibulo.

319 346 488 388 Chiedere.
518 356 647 392 Petere,
673 353 854 396 Postulare.
882 356 963 390 Vox
989 353 1083 389 inta-

369 403 426 440 &a
469 402 661 452 Menagio.
703 406 736 440 Is
777 414 894 441 tamen
942 404 1083 440 deducit

369 454 534 496 Ricbiesla
555 468 603 490 ex
631 456 823 501 Requirere,
851 456 1000 502 ideoque
1030 454 1082 490 uti

371 505 556 541 Richiedere
593 518 611 540 a
648 508 809 551 Requiw,
847 506 898 541 ita
935 507 1084 540 Chiedere

372 556 441 591 erit
468 569 485 590 a
523 560 667 600 Quaero,
696 556 788 602 quod
825 556 859 590 8<
895 555 1082 592 Corbinel—

371 606 442 642 lius
470 605 623 640 censuit.
662 607 796 641 Durum
832 608 1015 655 Etymon3
1046 619 1085 641 ac

371 665 554 705 propterea
590 655 840 702 inquirendum
879 656 1014 700 adhuc,
1042 670 1085 691 an

372 705 542 742 emanafl'e
579 706 734 751 potuerit
769 720 787 742 a
815 708 899 741 Cedo
935 706 1085 744 Latino-

371 770 475 800 rum,
502 755 717 804 significante
742 759 805 792 Dic
831 758 886 793 vel
914 761 988 793 Da.
1009 759 1085 793 An—

373 807 469 853 tiqui
494 806 634 843 dixere:
663 810 747 842 Cedo
771 821 907 855 aquam,
933 812 1016 843 Cedo
1036 819 1086 842 ta-

374 859 486 894 bulas.
511 859 615 897 Cedo,
639 858 690 892 dic
715 859 812 902 mihi,
832 859 997 898 Terentii
1023 858 1087 898 est,

375 908 429 946 ita
459 917 496 944 ut
533 907 645 955 ipsum
684 912 780 952 Peto,
809 919 870 945 aut
906 910 998 953 Posco
1035 923 1088 946 re-

376 958 466 995 ferre
504 958 685 994 videatur.
723 937 962 1008 Li’utprandus
1000 973 1087 1008 quo-

376 1022 446 1057 que
489 1008 685 1045 Ticinenfis
727 1011 808 1046 Lib.
851 1024 886 1057 4.
928 1010 1018 1058 Cap.
1055 1024 1090 1057 4.

375 1059 511 1096 Histor.
549 1061 693 1097 Saeculo
733 1060 868 1096 Christi
912 1062 1089 1105 Decimo,

377 1109 546 1145 feminam
601 1120 864 1157 percontantem
919 1111 1087 1146 inducit:

378 1163 476 1205 Quod
487 1184 496 1198 ,
517 1160 600 1193 Cedo
613 1185 622 1202 ,
643 1160 800 1193 crudelius
823 1160 1006 1195 mulieribus
1025 1162 1090 1195 bel-

379 1211 447 1244 lum
483 1209 595 1252 inferre
629 1209 788 1253 potestis?
819 1211 910 1245 Heic
942 1212 1026 1245 Cedo
1063 1211 1092 1246 i-

379 1259 460 1295 dem
489 1257 682 1308 fignificat,
707 1272 746 1295 ac
774 1260 969 1296 Tuscorum
998 1261 1091 1295 Chic-

379 1312 445 1345 do:
461 1323 572 1356 neque
590 1309 683 1344 enim
704 1311 984 1345 Lombardorum
1002 1312 1092 1346 Lin-

381 1373 448 1407 gua
475 1358 650 1406 popularis
675 1358 738 1392 hac
760 1370 846 1392 voce
871 1359 1004 1392 utitur.
1028 1359 1092 1392 vi-

379 1410 433 1445 de-
451 1411 599 1443 alterurn
624 1407 773 1442 similem
801 1407 1014 1457 Liutprandi
1039 1409 1090 1443 lo-

381 1472 462 1495 cum
491 1459 572 1494 Lib
600 1471 635 1504 4.
664 1460 750 1505 Cap.
785 1470 840 1506 ¹3

330 1511 508 1546 Ciabana.
546 1510 676 1544 Calceus
701 1509 804 1544 vilis.
843 1508 935 1547 Vide
964 1509 1094 1548 Differ-

381 1562 553 1598 tationem
587 1561 701 1597 XXV.
729 1560 768 1593 de
794 1561 974 1596 Textrina.

329 1611 516 1647 Cianciare.
554 1612 668 1657 Nugas
703 1610 812 1657 loqui.
850 1610 1039 1660 hlenagius
1076 1625 1095 1647 a
1138 1607 1170 1641 D

379 1665 501 1708 Nugax
528 1661 664 1697 trahere
700 1660 788 1696 hanc
827 1673 949 1696 vocem
989 1676 1095 1698 cona-

379 1721 438 1748 tus
465 1711 531 1748 est.
564 1712 740 1748 Ferrarius
767 1725 786 1748 a
813 1713 1008 1748 Camionare
1035 1714 1092 1749 de-

379 1762 503 1801 duxit.
534 1762 696 1811 Uterque
716 1763 857 1809 (dicere
877 1764 1007 1810 liceat)
1031 1778 1091 1800 nu-

379 1826 440 1863 gas
461 1813 497 1848 in
519 1812 632 1849 forum
664 1815 808 1850 attulit.
832 1817 955 1849 Charace
978 1815 1093 1850 Galli-

380 1876 421 1899 ca
450 1877 520 1899 vox
548 1864 614 1904 est:
645 1864 689 1899 est
717 1865 749 1899 8<
782 1866 955 1913 Anglica.
994 1865 1092 1901 Utri-

380 1926 450 1963 que
478 1914 574 1963 genti
617 1914 789 1965 significat
825 1916 941 1959 Casum
974 1916 1092 1960 fortui-

381 1976 472 2004 tum,
500 1966 533 2000 &
563 1979 640 2012 quae
667 1967 812 2001 accidunt
833 1967 916 2001 inter
935 1967 1091 2002 homines.

377 2017 459 2053 Nos
499 2018 713 2063 appellamus
740 2016 966 2062 Awenture,
1004 2020 1087 2053 Nico>

379 2079 442 2106 ve,
481 2067 637 2107 Novella,
675 2069 818 2103 Navita.
861 2068 923 2104 Uti
952 2082 993 2104 ex
1024 2071 1089 2103 No-

379 2117 464 2155 velle
488 2127 607 2153 natum
629 2119 822 2161 Novellare‚
844 2118 895 2153 ita
917 2133 959 2154 ex
981 2122 1088 2153 Chan-

378 2179 441 2208 ce,
483 2167 539 2203 seu
581 2168 696 2203 ciance
732 2168 865 2225 prodiit
900 2168 1033 2203 Cianci
1020 2183 1090 2205 are.

379 2215 488 2253 Nihil
517 2218 612 2252 enim
641 2219 736 2254 aliud
765 2231 880 2267 primo
902 2217 970 2253 fuit
991 2220 1089 2253 Cian—

379 2266 492 2312 cim,
535 2266 597 2303 nifi
636 2281 724 2315 quae
761 2269 1012 2317 contingebant
1053 2270 1089 2305 in

379 2317 499 2358 Urbe,
527 2327 587 2354 aut
614 2319 651 2353 in
673 2319 791 2362 Orbe,
820 2333 994 2355 enarrare.
1023 2323 1088 2355 Ea-

378 2368 459 2406 dem
497 2370 631 2406 ratione
661 2383 702 2405 ex
733 2371 890 2404 Fabulari
927 2370 993 2406 five
1022 2375 1079 2405 Fa*

379 2419 499 2455 bellare
525 2448 536 2467 ‚
579 2421 645 2456 hoc
686 2420 731 2456 est
752 2445 755 2447 >
777 2422 920 2456 Fabulas
963 2435 1089 2455 narrare

379 2469 532 2517 (ltalice
569 2472 763 2520 Novellare)
792 2471 947 2521 Majores
985 2472 1086 2506 nostri

379 2521 605 2559 confecerunt
633 2523 828 2564 favellare,
865 2522 959 2571 quod
995 2523 1087 2563 idern

1122 1167 1124 1170 ’
1132 1161 1163 1196 C

1257 249 1428 299 significat
1454 266 1493 288 ac
1521 250 1645 299 Loqui,
1673 252 1827 288 Parlare.
1866 253 1960 288 Idem

1255 302 1299 338 est
1339 302 1570 347 confabulari,
1608 315 1647 338 ac
1675 303 1865 338 Cianciare.
1911 306 1961 339 De

1254 352 1437 390 Hadriano
1465 353 1687 401 Spartianus:
1730 357 1796 389 Uno
1832 364 1963 398 tempore

1248 404 1392 462 scripsit,
1429 405 1593 444 difflavit,
1629 406 1789 448 audivit,
1830 407 1872 438 (9⁶
1899 418 1966 439 cum

1252 455 1362 489 amicis
1394 455 1563 499 fabulatus
1588 455 1649 497 est.
1688 457 1733 491 Et
1767 454 1965 503 antiquiffi-

1253 517 1330 540 mus
1359 506 1521 552 vulgatus
1560 507 1733 553 Inter-pres
1775 507 1963 556 Evangelii

1254 554 1373 589 Sanffl
1411 557 1528 590 Lucae
1565 554 1656 600 Cap.
1696 568 1754 600 24
1793 537 1964 602 vers.015.

1253 604 1338 638 haec
1374 606 1478 639 verba
1505 611 1527 636 ἐν
1553 610 1586 646 τῷ
1612 608 1727 645 ιΟμιιεῑνλ
1718 622 1746 648 ν,
1774 605 1857 641 idest
1891 613 1965 641 dur}

1253 655 1523 701 colloquerentur,
1568 655 1610 691 de
1655 658 1756 693 rebus
1799 657 1965 693 videlicet

1254 703 1351 740 seriis
1378 707 1410 740 &
1440 705 1590 750 sanastis,
1619 708 1752 747 vertit,
1789 710 1865 743 dum
1897 711 1965 743 Fa-

1253 754 1456 791 laniarentur.
1484 757 1526 792 In
1553 758 1639 793 Vita
1669 759 1796 794 Beatae
1824 757 1882 794 Mi
1889 759 1966 794 ‘h‘-

1253 806 1348 842 linae
1378 806 1582 843 Pisaurenfis
1616 810 1704 856 apud
1736 809 1966 844 Bollandistas

1253 855 1291 892 in
1323 856 1423 892 Αὸὶὶε
1452 858 1606 893 SanElor.
1635 861 1676 894 ad
1704 859 1796 895 diern
1829 873 1885 906 19.
1907 862 1966 903 Ju-

1254 905 1306 942 nii
1350 906 1516 955 legitur:
1561 910 1675 944 Omnia
1716 911 1773 952 usta
1815 913 1967 944 vtdentur

1254 957 1370 1003 Tuffae
1406 957 1452 995 &⁴
1488 958 1658 1004 Cianczhe,
1695 959 1742 998 ὠ·
1778 975 1799 995 a
1833 961 1968 1005 personis

1254 1009 1424 1053 desperatis
1453 1010 1495 1043 Θ·
1523 1011 1672 1046 rudibus.
1714 1011 1821 1046 Reste
1850 1012 1967 1059 legen-

1254 1059 1336 1091 dum
1376 1058 1453 1094 heic
1484 1061 1615 1106 Truffae
1653 1061 1786 1097 censuit
1823 1061 1966 1097 Clariss.

1256 1108 1293 1141 P.
1314 1109 1588 1153 papebrochius.
1611 1112 1735 1147 Subdit
1760 1112 1842 1147 ille:
1866 1114 1969 1147 Cian-

1253 1157 1303 1192 σία
1329 1158 1407 1202 quid
1436 1159 1502 1199 sit,
1539 1165 1674 1194 nondum
1710 1163 1867 1208 comperi,
1907 1161 1969 1202 nist
2001 1189 2003 1191 .

1248 1207 1332 1251 fort&
1358 1223 1377 1242 a
1413 1211 1517 1244 Canto
1547 1209 1612 1250 fit,
1654 1211 1793 1258 idemque
1827 1212 1965 1251 valeat,

1254 1262 1335 1303 quod
1362 1261 1499 1294 naenia.
1538 1262 1591 1295 At
1628 1261 1719 1296 nihil
1757 1263 1850 1297 aliud
1889 1262 1966 1297 heic

1255 1307 1333 1341 sunt
1355 1311 1527 1346 Cianciae,
1554 1308 1616 1343 nifi
1642 1311 1807 1345 Italicum
1833 1312 1967 1351 ciame,

1256 1354 1322 1389 hoc
1359 1355 1404 1390 est
1442 1359 1575 1403 Nugae,
1616 1358 1658 1393 de
1694 1360 1820 1406 quibus
1851 1361 1968 1397 aetum

1255 1403 1338 1440 satis
1379 1405 1450 1441 est.
1497 1408 1598 1443 Adde
1639 1409 1692 1444 ita
1743 1411 1967 1448 efformatum

1256 1454 1355 1493 fuisse
1382 1470 1400 1491 e
1428 1460 1619 1494 Parabolare
1646 1462 1805 1504 Parlare‚
1842 1475 1967 1510 nempe

1257 1519 1275 1541 e
1302 1509 1486 1550 parabola,
1524 1510 1616 1556 quod
1657 1512 1859 1548 conversum
1901 1514 1969 1550 fuit

1256 1556 1295 1592 in
1341 1559 1458 1593 Parola
1483 1586 1492 1595 .
1535 1562 1581 1596 Et
1623 1560 1704 1599 inde
1743 1565 1967 1610 Pumbduno,

1256 1609 1448 1653 Ciancione‚
1476 1611 1647 1648 Ciarlone.

1205 1657 1370 1694 Ciarlare.
1400 1661 1515 1695 Inania
1541 1664 1650 1708 loqui.
1680 1664 1770 1699 Vide
1800 1665 1968 1703 Differta-

1257 1708 1390 1746 tionem
1425 1714 1554 1747 XXlX.
1581 1715 1620 1747 de
1647 1715 1862 1757 spet‘laculis.

1205 1759 1367 1794 cimento.
1386 1763 1585 1802 Periculum,
1612 1766 1868 1809 Experimentum
1881 1792 1889 1801 .
1909 1768 1967 1802 Ci-

1256 1821 1413 1848 mentare,
1442 1814 1613 1858 Experiri,
1647 1815 1820 1849 Periculum
1844 1817 1964 1859 facere.

1256 1861 1443 1909 Menagius
1473 1861 1565 1897 suam
1597 1862 1674 1899 heic
1713 1864 1818 1905 facit,
1848 1866 1966 1903 simul—

1257 1924 1323 1958 que
1363 1912 1482 1947 laudat
1517 1913 1664 1949 Ofiiavii
1706 1917 1854 1952 Ferrarii
1894 1917 1966 1953 sen-

1257 1961 1429 2007 tentiam,
1455 1963 1624 1999 censentis
1642 1993 1651 2008 ,
1673 1976 1814 2001 enatum
1840 1970 1969 2004 Cimen-

1257 2023 1287 2046 to
1313 2026 1331 2047 e
1357 2014 1538 2059 specimen,
1567 2016 1818 2061 Specimentum‚
1842 2021 1970 2053 <simen—

1257 2073 1350 2106 tum,
1391 2064 1557 2099 Cimento.
1606 2068 1758 2113 Uterque
1806 2067 1965 2105 fallitur.

1256 2115 1415 2159 specimen
1444 2115 1564 2161 (quod
1605 2118 1704 2151 nobis
1741 2117 1785 2155 est
1824 2120 1966 2163 Molli-a,

1256 2166 1399 2211 Saggio)
1428 2165 1583 2200 diversae
1613 2169 1714 2214 plane
1741 2168 1967 2215 significatio-

1257 2214 1312 2249 nis
1340 2214 1383 2249 est
1410 2228 1428 2250 a
1456 2217 1620 2252 Cimento.
1654 2220 1772 2264 ltaque
1809 2233 1850 2255 ex
1880 2221 1966 2254 Arte

1257 2264 1430 2300 Chemica
1452 2293 1462 2308 ‚
1510 2266 1565 2302 seu
1613 2270 1798 2305 Metanira
1847 2282 1966 2303 vocem

1256 2315 1344 2351 hanc
1371 2316 1589 2359 accepimus:
1619 2319 1690 2361 ipsa
1718 2322 1797 2354 vere>
1825 2331 1865 2353 ex
1896 2320 1966 2354 La-

1256 2366 1334 2401 tino
1355 2372 1557 2402 caementum
1581 2369 1782 2404 efformavit
1801 2368 1963 2405 Cimento.

1258 2418 1349 2452 Vide
1379 2419 1645 2463 Pyrothecniam
1677 2418 1868 2452 Vannoccii
1906 2420 1966 2454 Ri-

1256 2468 1428 2515 ringuccii
1466 2468 1637 2507 Senensis,
1672 2469 1777 2502 Anno
1806 2470 1964 2507 MDXL.

1255 2520 1411 2561 editam,
1431 2519 1498 2554 hoc
1523 2517 1567 2552 est
1585 2517 1733 2554 Librum
1755 2518 1792 2554 in
1815 2521 1865 2558 Re
1886 2519 1968 2556 Me-

1848 2570 1914 2605 tal-
