2169 3047
237 221 318 270 645

516 208 886 254 DJSSERTATJO
918 204 1437 253 TRJGESJMATERTJA
1449 212 1461 249 .’

229 273 368 319 imperite
392 270 521 318 aliquod
547 281 618 316 opus
648 267 811 313 conficere.
840 268 931 314 Qui·
963 287 966 297 ·
975 271 1011 306 A

227 325 289 360 bus
316 321 486 364 exemplis
522 320 557 355 id
595 319 826 363 confirment,
863 333 933 355 non

227 374 354 409 video.
390 372 484 407 M2hi
514 370 762 406 A12b0rracciave
799 383 869 405 non
898 384 934 406 a-

225 425 300 460 liud
329 422 481 458 creditur
509 420 571 456 nlsl
599 423 779 461 Inebriare,
808 435 826 456 a
854 423 934 456 Bor-

225 474 347 516 raccia,
375 472 441 508 hoc
469 471 512 507 est
534 486 550 507 a
574 472 651 508 vase
678 471 836 511 vinario,
864 485 934 519 quo

226 524 409 573 praecipue
452 533 598 559 utuntur
648 522 702 558 seu
744 524 935 558 abutuntur

227 575 425 623 peregrini.
455 577 500 609 Va
523 576 702 618 sodameme
722 574 773 607 nel
793 573 934 618 fidaru',

227 639 243 660 e
269 639 330 659 mm
350 623 638 660 1’al2b01racciare:
658 625 707 659 ita
727 627 830 659 Cron.
859 626 932 657 Mo-

227 676 300 710 telli
326 676 368 711 ab
406 674 531 710 eisdem
563 674 778 710 Auffioribus
815 675 934 709 lauda-

227 735 340 774 tum;
385 725 494 767 idest,
529 739 604 759 cave
641 739 678 759 ne
713 737 742 758 te
778 726 932 760 inebries.

226 775 355 811 Rursus
385 775 518 811 Matth.
551 778 673 811 Franz.
716 775 808 810 Rim.
846 776 932 810 burl.

224 825 481 866 Abhorracciarfi
519 829 614 871 senza
650 828 731 860 altro
767 826 932 867 bicchiere,

225 876 293 911 hoc
319 875 366 911 est
394 876 566 911 Inebriari.
599 877 655 911 Ad
685 890 745 912 nos
775 889 845 911 vox
874 875 932 911 ista

226 926 386 976 proceffit
427 941 469 962 ex
513 926 706 974 Hispanico
747 929 930 961 Emborrac—

225 980 298 1012 abar
321 1002 332 1017 ,
379 977 583 1012 Inebriari.
621 979 712 1012 Vide
755 979 929 1012 Covarru-

226 1028 322 1064 viam
345 1054 353 1063 .
391 1029 577 1075 Menagius
614 1029 713 1062 illam
751 1041 792 1062 ex
831 1031 933 1061 Borra

225 1078 396 1114 deducens
423 1105 433 1121 ,
484 1079 658 1112 neminem
679 1105 688 1117 ,
737 1087 775 1112 ut
822 1087 932 1124 puto,

224 1128 417 1164 sententiae
444 1127 521 1162 suae
546 1128 813 1161 subscribentem
836 1139 924 1173 repe-

223 1177 313 1214 riet.
343 1180 502 1212 Borracba
538 1178 579 1211 ab
619 1176 784 1222 Hispanis
815 1177 930 1223 appel-

223 1228 318 1263 latur
344 1227 509 1274 amphora
536 1227 671 1262 vinaria
695 1241 713 1262 e
740 1227 857 1262 corio.
887 1228 930 1261 E-

227 1278 376 1327 jusmod1
407 1284 484 1313 vale
504 1288 651 1314 utuntur
671 1277 804 1320 adhuc,
831 1277 933 1313 ostia-

227 1329 294 1363 tim
343 1329 466 1363 vinum
518 1339 721 1374 quaerentes
766 1327 933 1375 Religiofi

226 1380 362 1414 Fratres
392 1380 498 1426 vulgo
526 1378 773 1424 Cappuccini,
801 1379 934 1423 aliique

225 1441 244 1463 e
271 1428 390 1463 Sanffi
418 1427 592 1463 francisci
623 1426 758 1462 familia
785 1426 933 1462 striche<

227 1477 276 1513 ris
317 1478 558 1513 observantiae
601 1478 787 1513 Alurnni:
841 1477 934 1525 quod

226 1527 366 1575 quidem
406 1541 468 1563 nos
506 1527 752 1571 Mutinenses,
793 1541 831 1563 ac
872 1527 935 1563 alii

224 1579 460 1615 Lombardiae
504 1579 630 1626 Populi
660 1605 671 1621 ,
712 1579 899 1613 Borracchia
925 1605 934 1620 ‚

225 1628 375 1665 solemus
404 1642 622 1675 nuncupare.

173 1680 392 1725 Abbozzare.
431 1681 637 1714 Lineamenta
670 1679 775 1726 prima
801 1679 936 1723 cm'piam

223 1744 308 1776 open
333 1732 430 1764 dare.
458 1729 610 1764 Obscura
640 1729 717 1763 san*²
747 1729 843 1763 vocis
864 1728 934 1763 ori-

225 1793 293 1829 go,
324 1793 426 1826 quam
459 1780 664 1826 neutiquam
694 1779 934 1824 deprehendi(-

224 1831 259 1865 se
287 1830 374 1865 mihi
406 1830 544 1865 Videtur
582 1829 790 1875 Menagius,
827 1843 934 1876 quum

226 1894 246 1916 a
274 1884 408 1926 Bzza,
448 1881 548 1915 nobis
578 1879 792 1928 fignifitante
819 1883 934 1915 Tumo-

224 1944 308 1968 rem²
337 1944 410 1966 eam
440 1931 606 1966 deduxit.
636 1931 740 1966 Nihil
764 1931 858 1966 enim
885 1931 934 1966 rei

226 1981 271 2017 est
300 1983 428 2015 Tumon'
455 1995 531 2016 cum
561 1995 664 2030 opere
701 1981 934 2016 adumbrato.
964 2022 965 2026 Ἰ

226 2032 386 2078 Longius
413 2032 518 2066 etiarn
548 2045 565 2066 a
597 2032 698 2080 scopo
726 2032 844 2067 abiisse
867 2032 932 2066 mi-

225 2081 264 2116 hi
307 2083 460 2117 creditur
500 2082 671 2118 Offiavius
717 2085 893 2117 Ferrarius
924 2107 934 2122 ‚

226 2133 290 2179 qui
327 2146 342 2167 a
383 2136 488 2177 szze
519 2133 641 2176 srufius
673 2134 817 2180 putridos
845 2134 934 2178 (ne-

226 2182 299 2218 scio
335 2184 424 2230 apud
459 2197 546 2230 quos
585 2184 766 2232 Populos)
804 2183 930 2232 fignifi-
962 2189 964 2195 '

226 2244 350 2274 cante,
378 2234 492 2268 invna
523 2235 620 2272 olane
649 2235 836 2274 Minerva,
863 2246 935 2270 tra-

226 2296 249 2319 x
269 2293 284 2318 t
315 2284 473 2318 italicum
506 2287 633 2328 Bezzo,
661 2286 695 2319 &
720 2290 934 2330 Abbozzare.

226 2333 335 2369 Hisce
365 2336 598 2380 scriptoribus
634 2335 771 2371 fortaffe
799 2349 870 2372 non
896 2349 934 2370 e-

226 2397 271 2433 go
300 2384 458 2420 fenam.
497 2388 629 2420 Moneo
654 2387 851 2429 duntaxat,
878 2386 933 2421 in·
960 2418 963 2428 ,

227 2437 434 2481 quirendum
466 2435 649 2481 superesse.
677 2450 719 2470 an
747 2449 765 2469 e
791 2437 935 2471 Gallico
959 2444 962 2476 i

227 2488 426 2525 member,
455 2489 649 2530 Abwzzure
667 2486 831 2522 Italicum
854 2499 933 2534 pro·
959 2477 962 2492 ¹

229 2536 355 2572 diem:
393 2549 475 2572 nam
510 2544 601 2586 apud
635 2550 700 2574 nos
734 2550 774 2574 m
811 2537 870 2573 usu
897 2549 928 2572 e·
959 2572 964 2580 ‚

977 1625 1008 1657 D

1042 1329 1269 1369 Abbrustolare
1289 1354 1298 1363 .

1096 266 1184 303 tiam
1222 263 1267 300 est
1293 264 1476 310 Shozzare,
1513 267 1605 313 quod
1643 228 1736 303 idein
1764 269 1810 304 est

1097 327 1202 365 atque
1229 315 1410 351 Gallicum
1440 318 1635 352 Esbaucher.
1671 319 1808 355 Deinde

1097 367 1347 411 scrutandumL
1367 379 1450 401 num
1480 368 1619 402 Gallica
1648 382 1717 405 vox
1746 371 1807 406 ista

1095 432 1136 455 ex
1168 418 1281 463 Bosco,
1309 416 1538 453 Germanicae
1566 418 1715 466 originis
1742 433 1807 456 vo-

1096 470 1243 513 cabulo,
1286 468 1461 504 efformari
1504 470 1659 517 potuerit
1687 498 1698 514 ‚
1739 470 1807 508 hoc

1095 519 1140 555 est
1167 522 1208 555 ab
1237 522 1434 563 Exbolcare,
1471 520 1562 568 quod
1592 534 1633 556 ex
1663 520 1808 558 consue-

1095 581 1133 606 ta
1171 570 1340 606 scribendi
1383 570 1520 607 ratione
1557 574 1638 608 AV.
1678 586 1739 620 pro
1771 577 1809 610 0.

1097 621 1244 657 evaserit
1271 623 1470 658 Esbaucher.
1509 622 1623 658 Prima
1653 624 1810 660 culturae

1098 672 1231 716 forma,
1259 673 1359 708 terris
1387 672 1528 709 desertis
1550 687 1588 709 ac
1614 674 1811 720 sylvescen-

1097 723 1190 758 tibus
1219 722 1352 766 danda,
1383 722 1442 759 fita
1473 723 1543 759 fuit
1574 725 1610 760 in
1641 725 1684 760 iis
1712 729 1812 760 Run-

1096 775 1228 813 candh,
1256 773 1324 809 slve
1352 774 1592 818 Exbuscandis.
1622 777 1704 810 Inde
1734 789 1808 811 ma-

1099 824 1189 859 nasse
1221 826 1336 872 potuit
1366 827 1568 866 Esbaucber,
1606 826 1808 863 adhibitum

1097 875 1214 923 primo
1258 877 1300 910 ab
1339 876 1593 923 Agricultura,
1635 876 1811 913 inferente

1099 938 1211 973 prima
1247 924 1284 961 &
1323 925 1481 962 craffiora
1518 928 1731 964 lineamenta
1771 942 1809 963 a·

1097 975 1167 1023 gris
1203 977 1429 1012 excolenuis:
1469 978 1593 1013 deinde
1638 992 1807 1027 propaga-

1096 1035 1170 1061 tum
1200 1028 1241 1061 ad
1271 1028 1514 1072 sculpturam,
1542 1028 1741 1069 Pi&uram‚
1770 1042 1809 1064 a-

1094 1075 1226 1123 liasque
1264 1079 1396 1117 Artes,
1432 1092 1539 1125 quum
1577 1080 1653 1114 rudi
1696 1079 1807 1116 form&

1092 1139 1179 1172 opus
1208 1125 1269 1161 fibi
1298 1127 1510 1175 propositum
1541 1131 1656 1176 primo
1684 1131 1809 1165 adum-

1095 1176 1214 1210 brant.
1258 1178 1379 1211 Donec
1418 1179 1579 1225 proniora
1621 1192 1703 1214 vero
1740 1179 1808 1217 alii

1092 1226 1288 1272 adferant,
1329 1228 1413 1263 haec
1456 1229 1580 1265 dixisse
1623 1229 1714 1265 mihi
1762 1230 1810 1266 li-

1093 1286 1231 1312 cuerit.

1338 1331 1515 1366 Suburae.
1557 1331 1684 1367 Statim
1726 1331 1805 1368 heic

1094 1379 1125 1413 se
1161 1378 1264 1413 offert
1300 1380 1441 1421 Ustulare
1479 1381 1672 1424 Latinum,
1709 1382 1805 1419 idem

1093 1427 1313 1476 significans,
1351 1430 1413 1464 Sed
1453 1432 1536 1475 quia
1573 1435 1650 1468 BR.
1689 1433 1807 1469 intru-

1093 1478 1167 1513 sum
1196 1479 1376 1518 videmus,
1414 1480 1607 1516 addendum
1637 1482 1708 1527 est,
1748 1483 1808 1519 ni-

1092 1528 1145 1563 hil
1182 1529 1287 1566 aliud,
1316 1529 1403 1564 hanc
1447 1544 1568 1566 vocem
1609 1533 1700 1576 esse,
1742 1533 1807 1569 nist

1092 1579 1343 1622 Adperuftulaere
1354 1603 1364 1618 ‚
1380 1579 1446 1614 sive
1461 1580 1691 1623 Abreustulase
1702 1610 1710 1618 .
1733 1586 1808 1619 Ne-

1093 1641 1160 1675 que
1188 1641 1205 1662 a
1234 1631 1355 1671 Brace,
1383 1640 1443 1664 aut
1469 1632 1628 1671 Brutius,
1664 1631 1806 1669 descen-

1093 1679 1147 1713 dit
1174 1680 1410 1722 Ahbmftiare,
1447 1691 1486 1716 ut
1523 1682 1711 1731 Menagius
1741 1698 1806 1731 pu-

1094 1739 1168 1769 tat,
1206 1728 1259 1763 sed
1297 1740 1357 1764 aut
1393 1731 1435 1766 ab
1473 1732 1635 1773 Ujlulare,
1671 1743 1732 1769 aut
1759 1735 1802 1770 ab

1095 1780 1223 1819 L'simn,
1250 1780 1422 1824 Reushmz,
1449 1782 1483 1816 8<
1509 1782 1633 1818 addito
1660 1785 1720 1820 Ab
1745 1789 1804 1821 A<

1093 1829 1266 1871 breuftmn,
1293 1831 1521 1873 Abreulliare.

1041 1882 1240 1925 Abbruzzo.
1276 1882 1478 1927 Aprutium,
1517 1883 1629 1931 Regni
1660 1887 1804 1933 Neapo-

1092 1931 1197 1966 litani
1243 1932 1429 1968 Provincia
1470 1934 1511 1968 ad
1555 1936 1655 1970 Mare
1697 1939 1805 1985 Supe-

1092 1994 1193 2021 rum,
1219 1983 1440 2017 contermina
1467 1983 1597 2020 ditioni
1623 1988 1803 2024 Romanae

1093 2031 1289 2067 Ecclesiae.
1329 2033 1485 2069 Andreas
1524 2035 1687 2073 Alciatus
1726 2040 1805 2074 No-

1092 2095 1172 2118 men
1214 2083 1280 2118 hoc
1321 2084 1522 2126 (Romanis
1565 2097 1659 2124 certe
1700 2088 1803 2137 igno-

1094 2133 1195 2181 tum)
1224 2133 1391 2170 acceffiffe
1411 2135 1546 2184 regioni
1574 2148 1697 2184 putat,
1724 2140 1803 2185 quia

1095 2185 1254 2219 Urbicium
1294 2187 1442 2220 Pisenum
1483 2198 1643 2233 tamquam
1684 2194 1805 2224 Romae

1087 2235 1303 2280 suburbanum
1328 2237 1502 2279 diceretur,
1539 2240 1583 2272 (9⁴
1611 2240 1672 2283 sub
1697 2241 1802 2287 dtspv-

1087 2285 1199 2327 sitione
1228 2287 1348 2321 Vicarii
1373 2287 1467 2322 Urbis
1492 2286 1583 2333 effet.
1619 2290 1692 2325 Sibi
1722 2290 1803 2338 qui-

1091 2336 1169 2371 dem
1211 2336 1253 2372 de
1303 2337 1369 2373 hoc
1412 2338 1558 2374 invento
1606 2343 1802 2387 gratuletur

1093 2386 1279 2423 Alciatus.
1309 2389 1422 2424 Addit
1450 2390 1554 2424 etiam
1585 2389 1796 2437 Menagius:

1091 2439 1125 2473 Io
1157 2438 1229 2481 sono
1255 2437 1497 2475 coll'Alsiato.
1528 2442 1656 2476 Verum
1697 2443 1801 2490 huju·

1090 2487 1145 2523 sce
1187 2489 1309 2535 Ezymi
1352 2495 1446 2525 aerea
1482 2492 1630 2528 omnino
1677 2492 1799 2528 funda-

1091 2550 1205 2574 ment2
1237 2540 1335 2574 sunt.
1367 2542 1516 2576 Picenum
1540 2544 1798 2577 suburbicarium

1187 2591 1207 2623 S
1233 2602 1249 2623 s
1303 2601 1324 2624 2
1640 2605 1748 2627 *no-xe—
