2169 3047
243 219 324 267 961

533 207 898 252 DISSERTATIO
931 205 1470 251 TRIGESIMATERTJA.

197 312 200 315 .
237 278 384 319 cupant,
411 271 444 305 δε
470 268 597 313 Bigotes
624 269 801 316 appellant
828 269 838 301 i
863 271 945 301 Mu·
983 271 1018 304 A

230 323 366 365 Bacchi,
401 319 531 355 Latine
569 319 750 365 Mysiaces.
789 317 873 353 Inde
910 331 945 353 e-

239 372 325 408 tiam
372 368 490 416 potuit
532 381 705 417 emergere
747 368 945 415 Sbigyniu,

238 419 329 468 quod
351 418 410 466 ipsi
438 418 609 464 Mystaces
635 419 675 454 ad
701 418 944 454 incutiendum

237 471 401 508 timorem
435 483 454 504 a
483 469 659 504 militibus
696 469 945 504 adhibeantur.

190 547 197 551 ,
238 519 401 556 Fortaffis
429 521 461 554 &
491 520 599 555 iidem
629 519 671 554 sic
699 519 787 555 diffi
815 532 833 554 a
860 522 945 554 Ger·-

239 570 378 605 manico
407 570 452 604 Bi
479 574 560 613 Gor,
589 570 734 605 vocibus
761 569 947 605 familiari-

240 621 302 656 bus
330 620 477 655 cuilibet
505 620 718 666 Mystacibus
747 620 881 656 utenti.
916 622 947 654 I-

240 680 275 706 ta
304 670 375 706 alio
399 670 494 706 sensu
522 671 628 706 iidem
655 670 804 719 Hispani
830 670 948 705 dixere

240 720 439 765 Pordiostar,
461 721 542 756 idest
567 724 772 765 Mmdicm,
794 734 834 756 eo
855 721 948 768 quod

241 774 410 820 Pauperes
446 786 547 806 amore
584 773 667 816 Dei,
705 772 770 807 hoc
807 771 852 807 est
888 775 950 805 Por

239 823 321 858 Dios
357 823 609 868 eleemosynam
655 832 799 871 petant.
841 821 948 857 Hisce

240 873 326 908 adde
364 875 572 909 vocabulum
602 874 761 909 Gallicae
789 872 948 920 Linguae

240 924 364 970 Bigot,
402 924 442 958 ad
485 924 728 972 designandum
769 923 947 958 hominem

241 984 302 1009 aut
329 974 487 1010 affeRata
517 975 647 1022 pietate
684 984 862 1012 utentem,
890 981 949 1008 aut

241 1024 484 1073 hypocritam.
521 1025 699 1061 Chronica
737 1028 948 1060 Francorum

242 1077 362 1111 Tomo
388 1088 421 1123 3.
451 1076 695 1119 Du—Chesnii,
721 1074 949 1111 Guillielmus

241 1126 426 1174 Nangius,
447 1126 484 1161 ὃ(
507 1128 568 1161 alii
591 1126 759 1161 Historici
787 1124 950 1165 tradunt,

240 1185 382 1210 enatum
406 1176 613 1208 vocabulum
635 1187 653 1207 e
673 1173 814 1208 vetustis
842 1175 951 1207 Nort-

239 1223 401 1267 mannis,
427 1223 489 1271 qui
515 1223 556 1258 ad
577 1222 710 1259 Christi
734 1222 949 1270 Baptismum

238 1273 388 1309 invitati
425 1286 443 1307 a
480 1274 612 1307 carolo
641 1274 808 1318 Simplice
846 1275 950 1306 Fran—

241 1334 361 1357 corum
388 1324 504 1368 Rege,
530 1320 800 1366 responderunt:
828 1323 900 1353 Non
923 1322 954 1362 [ο

242 1373 304 1407 Bei
331 1375 416 1410 Got,
453 1369 536 1405 idest
563 1373 635 1404 Non
663 1373 724 1404 Per
751 1372 877 1413 Deum,
914 1368 953 1402 sl-

242 1436 286 1458 ve
315 1431 352 1457 ut
387 1420 451 1456 alii
489 1420 672 1464 scribunt,
710 1433 767 1455 eos
805 1419 954 1454 libenter

243 1472 409 1508 assensum
437 1471 550 1507 dando
576 1470 782 1506 exclamasse
808 1471 852 1504 Bi
871 1473 953 1512 Gor,

243 1524 310 1559 hoc
338 1523 406 1566 est,
432 1526 475 1557 da
500 1532 590 1569 parte
614 1522 648 1556 di
673 1522 754 1556 Dio.
782 1520 866 1557 Inde
896 1534 949 1555 ve-

244 1578 284 1610 ro
306 1573 522 1609 Nortmanni
549 1571 715 1621 appellari
739 1572 856 1618 coepti
878 1570 953 1606 sunt

246 1625 380 1671 Bigotbi
397 1651 404 1659 .
444 1626 540 1658 Inter
569 1626 667 1670 Rtgot
695 1621 733 1657 &
762 1622 954 1668 Sbigottire‚

245 1675 381 1723 aliquid
408 1673 594 1710 affinitatis
631 1672 844 1709 intercedere
880 1671 952 1707 sen-

246 1726 337 1762 tias.

194 1774 362 1812 sborrare.
394 1775 577 1825 Stagnanti
603 1775 710 1811 alicui
737 1773 867 1818 fluido,
896 1782 954 1809 aut

244 1827 377 1875 liquori
418 1827 670 1874 impedimenta
713 1826 845 1873 eripere
867 1852 876 1869 ‚
918 1834 954 1859 ut

242 1877 387 1914 diffluat
407 1904 415 1912 .
454 1878 513 1912 Ab
543 1881 729 1924 Evaporare
769 1875 954 1924 Menagius

247 1928 358 1965 traxit
382 1927 447 1962 hoc
473 1928 638 1962 verbum.
667 1929 719 1963 At
743 1927 772 1962 is
798 1926 870 1962 vim
894 1940 953 1960 vo-

248 1980 298 2015 cis
331 1978 431 2026 hujus
469 1978 616 2013 minime
655 1977 699 2013 est
735 1976 955 2024 assequutus.

250 2034 351 2064 Borva
377 2027 468 2064 nihil
494 2028 588 2063 aliud
614 2027 680 2066 est,
701 2027 762 2062 nifi
788 2029 884 2062 locus
913 2028 955 2062 li-

249 2079 391 2118 mosus,
431 2078 468 2114 in
498 2091 600 2127 quem
630 2077 786 2113 defluunt
822 2091 956 2125 aquae,

248 2132 284 2166 ὃ(
312 2130 489 2177 stagnant.
526 2128 688 2164 Dicimus
717 2142 799 2177 ergo
826 2131 956 2163 sham-

249 2194 304 2220 νε,
331 2193 439 2228 quum
466 2180 658 2228 stagnantes
685 2192 790 2227 aquas
807 2206 816 2221 ,
844 2192 956 2214 remo-

250 2231 297 2267 tis
325 2230 485 2266 obicibus
503 2258 514 2274 ‚
549 2244 568 2265 e
596 2234 698 2265 Borra
733 2228 931 2265 emittimus
949 2256 957 2264 .

250 2282 348 2318 Hinc
387 2280 626 2329 metaphorice
652 2283 800 2315 Sborrare
834 2280 868 2314 la
900 2280 958 2313 col-

251 2334 339 2377 Iera,
369 2331 452 2367 idest
479 2343 614 2365 evomere
631 2358 641 2375 ,
671 2331 808 2365 emittere
835 2331 958 2364 iracun-

252 2383 340 2418 diam
357 2410 367 2425 ‚
393 2382 449 2418 seu
475 2382 566 2416 virus
592 2381 771 2416 acerbitatis
781 2395 801 2423 ,·
826 2379 960 2416 Sborra-

254 2445 286 2467 re
314 2433 428 2477 Elati,
467 2445 590 2481 nempe
618 2432 742 2466 ventris
769 2431 901 2478 crepitus
929 2445 960 2465 e-

257 2483 377 2516 mittere
387 2496 407 2525 ,·
436 2485 582 2519 Sborrare
603 2482 742 2529 segreti,
769 2495 786 2516 o
807 2481 960 2529 penfiem',

258 2531 309 2567 ehe
342 2542 395 2574 per
425 2533 519 2579 forza
539 2534 677 2576 sla-vano
702 2531 799 2576 chiufi
825 2532 858 2568 in
892 2541 961 2575 pet-

308 2584 396 2618 Tom.
423 2585 477 2620 VI.

1703 217 1753 255 62

1108 279 1157 306 to,
1188 264 1323 301 scilicet
1352 268 1481 300 occultas
1509 282 1524 301 e
1549 227 1814 317 peHore9cogim-

1107 319 1206 352 tiones
1226 317 1384 360 emittere,
1405 329 1444 350 ac
1465 317 1608 354 similia.
1632 320 1733 356 Unde
1754 335 1815 357 ve-

1109 373 1147 403 ro
1175 371 1278 402 Borra
1305 366 1529 415 processerit,
1559 368 1580 402 si
1610 378 1728 416 petas,
1757 372 1815 407 vi-

1108 419 1149 453 de
1177 418 1275 466 supra
1303 418 1344 452 ad
1373 417 1583 453 vocabulum
1611 423 1769 457 Burrone.

1057 470 1181 505 Scalco.
1211 468 1480 504 Architriclinus.
1518 467 1610 503 Vide
1648 470 1815 508 Differtau

1110 520 1244 555 tionem
1277 520 1341 553 IV.
1377 520 1416 553 de
1450 517 1571 564 Officiis
1603 521 1722 554 Domus
1749 527 1816 556 Re„

1106 584 1199 618 glae-

1059 624 1242 656 Scalmare.
1281 621 1382 664 Aestu
1410 622 1569 656 laborare.
1599 620 1690 657 Vide
1720 621 1818 672 supra

1111 673 1148 708 in
1176 685 1262 707 voce
1290 674 1422 707 Calma.

994 722 1021 756 B
1059 723 1209 758 ,reale-ito
1224 747 1234 762 ‚
1267 724 1389 757 Scaltro
1404 749 1413 758 .
1450 724 1600 758 Callidus
1611 751 1620 768 ‚
1657 725 1795 768 Astutus
1810 752 1819 761 .

992 1174 1023 1208 G

1111 772 1274 809 Abstrusa
1310 772 1388 808 sane
1418 774 1514 809 vocis
1552 774 1652 822 hujus
1689 775 1815 823 origo:

1112 837 1216 872 quare
1254 824 1519 859 condonandum
1563 826 1636 867 est,
1677 825 1699 860 fi
1741 826 1819 861 heic

1112 874 1234 910 multis
1271 887 1358 922 aqua
1396 874 1519 911 haesit.
1559 876 1662 911 Nihil
1700 885 1818 911 tamen

1111 925 1258 961 difficile
1298 925 1500 974 MenagiO,
1544 926 1600 962 cui
1642 939 1821 975 nunquam

1111 976 1198 1011 deest
1225 975 1314 1011 scala
1342 976 1524 1024 quaepiam
1542 1002 1552 1017 ‚
1589 977 1627 1012 in
1664 977 1736 1024 ejus
1767 987 1822 1012 ta-

1111 1039 1190 1061 men
1220 1027 1359 1062 cerebro
1396 1026 1563 1063 fabricata
1581 1054 1590 1070 ‚
1629 1041 1688 1076 per
1714 1041 1820 1075 quam

1111 1077 1153 1111 ad
1174 1077 1292 1112 abdita
1312 1090 1468 1124 quaeque
1489 1078 1669 1114 ascendat.
1691 1080 1725 1114 A
1742 1080 1824 1112 Cal-

1111 1127 1156 1159 leo
1185 1126 1312 1171 (nobis
1340 1140 1432 1162 nunc
1460 1127 1566 1171 Effere
1589 1130 1730 1174 pratico,
1757 1132 1822 1162 Sa-

1108 1176 1204 1222 pere)
1233 1175 1283 1209 ita
1311 1175 1398 1210 hanc
1424 1188 1547 1210 vocem
1573 1176 1635 1212 ille
1661 1177 1825 1213 deducit.

1111 1225 1246 1263 Culleo,
1282 1225 1412 1262 callio,
1447 1226 1614 1265 Callitus,
1643 1228 1824 1266 Callima„

1112 1275 1336 1312 Exi-allinus,
1373 1277 1567 1318 Ennium,
1598 1279 1745 1312 Scaltm.
1783 1277 1825 1313 In

1113 1322 1202 1357 hanc
1239 1322 1445 1369 opinionem
1487 1324 1679 1361 inclinavit
1715 1327 1826 1362 etiam

1115 1370 1315 1406 ferrarius.
1352 1372 1467 1409 Addit
1504 1376 1717 1424 Menagius:
1757 1380 1825 1411 Pub

1112 1423 1208 1457 anche
1226 1422 1394 1469 originarfi
1411 1425 1454 1458 da
1473 1426 1565 1460 Calce
1586 1430 1715 1463 Terere.
1743 1430 1825 1462 Cal-

1113 1486 1142 1507 ce
1181 1476 1259 1507 Tero
1280 1500 1290 1516 ,
1330 1474 1543 1517 Exscalcetero
1562 1501 1572 1516 ,
1612 1478 1792 1522 Exscaltero
1815 1507 1826 1524 ,

1113 1524 1290 1566 Excaltw,
1318 1525 1463 1559 Scaltro.
1501 1528 1621 1570 Haec,
1651 1529 1795 1577 'inquam
1813 1555 1824 1569 ‚

1113 1586 1207 1608 mera
1235 1572 1313 1608 sunt
1344 1573 1477 1610 somnia
1495 1602 1505 1619 ‚
1539 1578 1636 1613 nulla
1665 1588 1825 1615 veterum

1114 1623 1324 1659 angioritate
1366 1626 1478 1669 nixa,
1516 1639 1605 1673 quae
1643 1637 1682 1663 ut
1720 1629 1824 1665 facile

1114 1673 1362 1722 proferuntur,
1400 1675 1449 1710 ira
1488 1675 1591 1712 facile
1626 1688 1823 1727 negantur.

1114 1734 1218 1772 atque
1254 1726 1348 1760 leves
1385 1726 1594 1763 evanescunt
1625 1728 1661 1764 in
1701 1743 1823 1764 auras.

1114 1776 1235 1810 Scaltro
1271 1789 1288 1810 a
1325 1777 1486 1823 Scalptum
1523 1778 1705 1815 derivabat
1735 1781 1825 1815 Tas-

1115 1826 1230 1861 sonius
1256 1825 1366 1862 noster
1377 1843 1390 1866 ‚-
1408 1828 1463 1863 cui
1484 1841 1588 1864 nemo
1613 1829 1824 1866 subscribat.

1115 1875 1240 1919 Mihi,
1270 1877 1306 1912 ni
1335 1876 1464 1918 fallor,
1493 1879 1626 1929 obtigit
1655 1881 1725 1929 post
1753 1894 1824 1916 non

1115 1927 1289 1962 remissum
1329 1937 1516 1974 conatum,
1554 1940 1593 1965 ut
1630 1931 1743 1967 fontes
1770 1941 1826 1967 at-

1116 1977 1286 2026 tingerem
1328 1979 1407 2014 Nili
1444 1979 1564 2016 istius.
1601 1982 1750 2016 Scaltrire
1787 1982 1825 2017 in

1117 2028 1177 2063 usu
1214 2027 1282 2063 fuit
1319 2029 1476 2078 antiquis
1504 2032 1746 2076 Florentinis,
1784 2032 1826 2067 fi-

1117 2078 1367 2127 gnificantibus
1404 2093 1464 2127 per
1490 2094 1565 2116 eam
1595 2096 1717 2118 vocem
1755 2082 1826 2127 effi-

1116 2143 1179 2164 cere
1204 2130 1341 2175 aliquem
1367 2131 1538 2175 callidum,
1566 2143 1714 2175 cautum,
1741 2135 1827 2175 astu«

1116 2189 1207 2214 tum.
1244 2179 1328 2215 Inde
1356 2181 1531 2225 Scaltrito,
1561 2183 1594 2216 &
1625 2183 1825 2231 compendii

1117 2229 1231 2265 caussa
1256 2231 1402 2270 Scaltro,
1438 2232 1522 2267 idest
1551 2233 1726 2277 Callidus,
1763 2247 1827 2269 no-

1117 2279 1170 2315 bis
1197 2283 1349 2321 Accam,
1378 2281 1507 2318 Furbo.
1534 2282 1604 2320 *cf-Pe.
1642 2284 1821 2319 Barbari«-

1116 2331 1237 2367 Secula
1264 2332 1409 2367 verbum
1438 2346 1568 2368 novum
1588 2362 1596 2374 ,
1626 2334 1677 2369 uti
1707 2343 1761 2369 tot
1790 2348 1825 2369 a—

1117 2381 1165 2417 lia
1190 2382 1438 2421 efformarunt,
1466 2385 1630 2417 Cauterire
1654 2398 1716 2427 pro
1739 2388 1824 2419 Cau*

1116 2442 1183 2467 tum
1218 2432 1356 2477 efficere.
1394 2434 1530 2481 Vulgus
1567 2446 1628 2483 pro
1654 2428 1823 2469 ‘Cmaeterire

1118 2482 1233 2519 dicere
1261 2482 1378 2530 coepit
1402 2484 1576 2519 Calterire.
1605 2487 1660 2520 Ac
1685 2485 1823 2521 demum

1120 2533 1157 2569 in
1185 2532 1363 2581 principio
1391 2532 1526 2570 addidit
1552 2538 1586 2572 5,
1614 2535 1706 2583 quod
1735 2538 1827 2571 rnul-

1187 2585 1214 2619 P
1241 2596 1262 2630 p
1290 2595 1311 2630 p
1729 2586 1774 2622 tis
