2169 3047
430 203 513 257 537
704 198 1137 257 ΛΝΗρσιΤ.
1183 194 1434 242 ΜΕῡιι
1477 199 1671 243 AEVJ
1850 205 1942 269 ‘588

369 259 541 296 effluxisse
577 259 734 304 potuerit
769 274 812 296 ex
842 261 958 295 Per-8<
988 257 1135 304 Affare;
1164 257 1209 300 A!
1243 257 1376 295 Latino
1404 259 1573 299 Manicia,
1601 273 1688 308 quae
1724 274 1878 297 occurrit
1912 262 2001 311 apud

370 312 497 347 affatur
532 311 627 347 enim
665 311 832 347 hordeum
871 311 912 347 ad
943 310 1134 346 conficien-

372 363 452 398 dam
474 361 672 398 cervifiam.
694 361 976 411 Perpendendum
1003 363 1134 406 etiam,

373 427 416 449 an
454 412 596 462 scopum
633 413 794 463 attigerit
831 413 923 449 idem
963 415 1135 449 Du—Can—

375 464 475 511 gius,
503 477 610 513 quum
640 465 781 510 putavit
809 466 989 500 Gallicum
1018 464 1134 509 Brous-

366 516 500 561 sailles,
522 525 581 551 aut
600 514 803 561 Broffailles,
823 525 964 550 enatum
985 529 1027 551 ex
1048 518 1133 549 Bru-

365 567 435 613 Jcia
462 565 500 602 &
528 566 668 610 Brozia.
696 566 954 602 Mutinenfibus
985 567 1018 601 la
1048 570 1134 601 Bru-

365 617 478 662 Jagtia
504 617 721 663 appellatur,
754 616 927 664 quidquid
963 630 1006 652 ex
1034 617 1134 652 arbo-

373 667 469 703 ribus
490 667 524 702 &
551 666 749 702 nemoribus
775 667 949 703 deciditur
972 668 1013 703 ad
1039 680 1135 703 com-

372 717 590 761 burendum,
620 730 706 752 voce
742 717 888 754 deduaa
924 732 942 754 e
978 720 1135 763 Brusare.

372 770 492 814 Quare
516 781 639 804 vocem
666 768 754 804 hanc
778 782 796 804 3
821 769 1033 805 Lombardis
1059 782 1134 805 rnu-

370 819 464 854 tuati
494 819 658 854 videntur
684 819 803 854 Galli.
841 820 1071 868 Appellamus
1099 833 1131 855 e-

370 869 460 905 tiam
489 871 619 904 Brocchi
646 870 679 905 &
709 871 861 913 Βνοεώε,
889 884 1003 906 ramos
1034 871 1130 906 arbo·-

371 933 451 956 rum
477 921 511 955 &
540 920 798 969 virgultorum.
827 921 863 957 Si
888 922 1030 957 Gallico
1058 935 1133 957 mo-

371 984 408 1007 re
439 972 644 1018 pronunties
682 972 836 1012 Erochos,
876 972 967 1008 idem
1008 985 1134 1008 nomen

370 1021 500 1070 habes;
541 1031 645 1070 atque
686 1022 768 1059 inde
807 1023 914 1059 etiam
958 1023 1134 1059 efformari

372 1072 493 1120 potuit
521 1073 739 1116 Brochailles,
765 1087 803 1108 ac
831 1074 955 1109 deinde
982 1073 1135 1119 Broffail-

371 1124 433 1157 les.
464 1122 632 1158 Retinent
660 1124 767 1158 etiam
796 1123 911 1159 rustici
941 1124 1044 1158 nostri
1065 1125 1136 1159 La-

371 1173 489 1208 tinum
527 1185 655 1207 nomen
691 1175 810 1216 stiva,
847 1174 948 1208 aratri
983 1175 1136 1208 manicam

372 1223 572 1271 designans.
602 1224 731 1270 Segolo,
759 1224 792 1258 &
827 1223 981 1269 Mcffora‚
1010 1224 1136 1272 quibus

372 1272 611 1310 instrumentis
651 1274 691 1309 ad
730 1275 930 1310 metendum
970 1285 1136 1311 utuntur.

376 1324 537 1360 Primum
567 1338 584 1359 a
612 1327 751 1359 secando
788 1325 912 1370 venit;
943 1327 1090 1360 alterum
1120 1339 1138 1360 a

370 1374 524 1421 Mefforia
551 1374 639 1410 falce
659 1402 668 1417 ,
697 1375 794 1422 cujus
831 1375 1048 1410 mentionem
1078 1375 1137 1410 ha-

373 1426 433 1461 bes
464 1426 550 1473 apud
591 1425 810 1472 Ulpianum.
848 1426 983 1467 Persello
1021 1426 1135 1472 appel-

373 1477 451 1512 lant
481 1475 645 1520 perticam
678 1474 922 1523 superpositam
951 1475 1053 1511 foeno
1079 1475 1138 1511 ad-

375 1526 483 1561 duffio
510 1526 548 1561 in
577 1525 754 1561 curribus.
794 1525 974 1570 Preffellum
1012 1527 1140 1562 videli-

375 1585 432 1611 cet
470 1590 488 1610 a
524 1577 709 1620 premendo.
747 1577 911 1612 Dicimus
948 1577 1054 1612 etiarn
1094 1591 1139 1613 un

374 1630 544 1673 Regolmo
578 1627 618 1661 di
650 1627 804 1674 persone;
841 1637 880 1662 ut
909 1627 1141 1676 significemus

379 1691 526 1713 manum
555 1677 739 1713 hominum
762 1678 1013 1719 collefilorum,
1034 1681 1066 1715 δ(
1087 1680 1140 1715 in-

375 1737 430 1764 ter
458 1727 490 1763 se
518 1728 824 1776 colloquentium,
852 1743 870 1765 a
907 1729 1040 1766 Latino
1076 1734 1139 1765 Re—

375 1778 540 1814 colleHus.
570 1779 696 1814 Itidem
735 1780 925 1816 retinemus
961 1794 1003 1817 ex
1040 1780 1141 1817 Lati-

376 1842 425 1865 no
454 1828 596 1875 Ruspari
624 1830 793 1876 Ruspare:
820 1844 890 1877 quo
918 1833 1025 1867 verbo
1059 1833 1140 1867 Flo·

377 1878 512 1915 rentini
552 1889 694 1928 carent3
723 1881 756 1915 &
785 1880 875 1916 illud
913 1881 1052 1928 quidem
1088 1882 1139 1918 di-

378 1928 516 1965 versum
539 1929 583 1964 est
602 1944 620 1966 a
641 1931 804 1977 Ralpare‚
830 1931 871 1966 de
891 1945 957 1979 qua
981 1946 1067 1969 voce
1087 1933 1142 1969 in-

378 1980 431 2016 fra
458 1980 495 2016 in
534 1981 774 2029 Etymologiis
811 1981 922 2017 sermo
958 1983 1046 2020 erit.
1085 1983 1141 2020 U—

378 2040 505 2067 tuntur
554 2032 662 2068 etiam
711 2032 930 2069 Mutinenses
948 2058 957 2073 ,
1008 2034 1141 2082 aliique

377 2082 615 2119 Lombardiae
647 2083 768 2130 populi
806 2097 892 2120 voce
921 2085 1044 2125 Gala,
1072 2085 1141 2122 five

377 2134 495 2176 Zerla,
524 2133 565 2169 ad
606 2132 864 2181 significandam
902 2136 1064 2179 corbem,
1101 2136 1139 2172 in

378 2196 446 2230 qua
476 2196 597 2228 panem
627 2183 765 2219 coffiurn
805 2184 945 2232 pistores
976 2195 1138 2234 portant.

376 2235 413 2270 A
447 2233 574 2268 Gerulis
610 2232 647 2268 in
686 2233 794 2279 ipsam
832 2235 972 2272 corbem
1009 2250 1138 2273 nomen

377 2283 596 2333 pertransiit.
634 2285 758 2331 Neque
790 2298 851 2320 nos
888 2285 1001 2335 fugiat
1028 2288 1138 2324 velim

378 2335 562 2370 Chirotbeca
586 2334 743 2370 adhibita
770 2335 929 2372 manibus
955 2337 995 2373 ad
1020 2353 1138 2374 arcen—

377 2386 461 2421 dum
490 2384 598 2432 frigus
635 2385 788 2431 hyemali
825 2395 1005 2435 tempore,
1033 2403 1137 2436 quam

380 2436 489 2472 Tusci
519 2437 693 2470 Manicotto
720 2437 921 2486 appellant3
951 2439 1138 2476 Mutinen-

379 2488 450 2527 1es,
473 2486 603 2535 aliique
629 2488 862 2523 Lombardiae
887 2490 1032 2535 populi,
1059 2493 1138 2525 Ma—

378 2539 475 2585 nizzo
501 2537 558 2575 seu
585 2539 771 2585 Manizza.
798 2540 965 2577 Manavit
996 2554 1067 2578 vox
1095 2554 1137 2577 ex

1244 310 1401 346 Plinium
1439 310 1611 358 juniorem
1652 311 1731 348 Lib.
1763 325 1795 357 3.
1832 313 1937 361 Epist.
1968 326 2000 359 5.

1243 362 1284 396 In
1310 362 1394 397 Vita
1421 361 1538 398 833ἃί
1565 363 1729 398 Filiberti
1754 363 1906 399 Abbatis
1930 367 2003 400 Ge-

1243 411 1437 448 meticenfis
1469 426 1488 448 a
1525 412 1745 449 Mabillonio
1782 415 1875 450 edita
1911 415 2003 464 legi-

1242 472 1320 499 tur:
1352 464 1520 506 Masada,
1547 478 1625 511 quae
1651 478 1705 499 nos
1729 466 1896 512 peregrim?
1920 467 2004 501 Lin-

1239 528 1305 561 gua
1333 514 1441 561 (idest
1477 514 1711 563 Germanica)
1741 519 1871 551 Wantos
1909 531 2003 552 voca-

1243 578 1330 600 mus.
1370 563 1514 600 Scilicet
1554 564 1619 600 hoc
1656 566 1800 601 nomine
1837 580 2004 603 manuum

1243 614 1484 662 operimenta,
1512 627 1600 662 quae
1635 628 1698 650 nos
1726 617 1848 650 Guanti
1886 619 2005 663 appel-

1243 666 1377 705 lamus,
1403 674 1537 701 veteres
1564 664 1823 714 significabant.
1849 667 1941 703 Vide
1967 668 2006 703 in

1244 716 1383 751 Differt.
1413 717 1473 751 IX.
1501 718 1539 750 de
1567 717 1673 761 Mrffis
1701 716 1871 753 Chartam
1905 718 2006 754 Anni

1245 769 1327 803 820.
1355 765 1415 802 ubi
1452 767 1617 801 Maniciae
1643 776 1851 803 occurrunt.
1889 768 2007 804 Muti-

1243 817 1362 854 nenses
1391 826 1507 852 autem
1546 831 1617 853 non
1655 817 1766 854 solum
1807 832 1884 854 curn
1923 819 2008 855 reli-

1243 869 1322 916 quis
1352 869 1450 904 Italis
1479 871 1633 902 Pruinam
1671 870 1848 917 appellant
1878 870 2006 914 Brina,

1243 919 1296 954 sed
1326 919 1433 954 etiam
1464 918 1629 954 Pruinam
1667 920 1911 955 vehementem
1929 948 1938 961 ,
1967 921 2006 956 in

1243 970 1405 1005 arborum
1435 969 1542 1005 ramis
1572 969 1818 1018 speciabilem,
1848 968 1886 1005 ἃ
1924 983 2007 1006 con-

1242 1022 1395 1069 gelatam
1439 1019 1563 1056 dicunt
1607 1022 1820 1056 Gala-verna.
1869 1021 2008 1057 fierine

1243 1071 1381 1118 potuit,
1410 1080 1449 1106 ut
1478 1070 1561 1106 haec
1590 1084 1660 1106 vox
1689 1071 1817 1118 partim
1848 1074 2003 1117 Graeca,

1244 1121 1370 1167 partim
1401 1121 1530 1157 Latina
1558 1121 1693 1157 fuerit?
1732 1123 1876 1170 Quippe
1912 1129 2007 1156 Γάλα,

1243 1171 1297 1207 seu
1337 1172 1421 1206 Gala
1457 1171 1599 1207 Graecis
1637 1172 1681 1207 est
1719 1176 1807 1208 Lac.
1848 1173 1908 1209 Ista
1944 1174 2007 1210 etfi

1241 1222 1398 1258 neutrius
1427 1222 1587 1271 generis,
1615 1222 1652 1257 in
1680 1221 1891 1258 femininum
1925 1238 2009 1260 con-

1242 1282 1364 1316 torta,
1400 1283 1505 1320 atque
1542 1273 1664 1308 addito
1703 1276 1843 1308 Hiberna
1884 1274 2007 1323 (quod

1245 1323 1356 1371 postea
1395 1323 1431 1357 in
1462 1326 1564 1357 Verna
1600 1323 1744 1359 evadere
1783 1326 1920 1369 potuit,
1950 1327 2005 1362 uti

1243 1387 1284 1408 ex
1310 1375 1485 1406 Hibernum
1506 1373 1767 1409 efformavimus
1789 1377 1913 1424 Verno)
1934 1376 2006 1413 for-

1244 1421 1337 1458 tastis
1364 1422 1538 1471 originem
1569 1423 1666 1458 dedit
1703 1424 1876 1459 vocabulo
1904 1429 2007 1462 Gala-

1244 1488 1364 1517 verna,
1392 1472 1485 1521 quafi
1514 1472 1706 1521 significare
1736 1488 1795 1522 per
1823 1477 2006 1516 metapho-

1245 1537 1317 1560 ram
1347 1524 1526 1560 voluerint
1551 1528 1616 1559 Lac
1641 1525 1836 1561 Hibernum.
1864 1529 2009 1565 Habent

1245 1574 1353 1610 etiam
1404 1575 1623 1611 Mutinenses
1673 1580 1833 1616 Ancona,
1883 1592 2007 1615 vocem

1245 1639 1368 1674 nempe
1390 1637 1587 1673 corruptam
1610 1640 1628 1663 e
1649 1629 1784 1663 Graeco
1804 1635 1892 1671 εἰκὼν,
1915 1629 2008 1676 quod

1246 1679 1335 1711 Icona
1371 1676 1409 1712 in
1447 1676 1646 1713 accusativo
1682 1678 1820 1715 reddit.
1862 1682 2007 1717 Habent

1245 1726 1283 1762 &
1326 1741 1448 1763 vocem
1492 1731 1654 1772 Zemenu,
1694 1742 1760 1775 qua
1803 1731 2009 1777 exprimunt

1246 1778 1363 1813 ambas
1391 1791 1512 1814 manus
1539 1778 1673 1825 jun&as
1701 1778 1738 1814 &
1768 1793 1937 1815 concavas
1965 1780 2008 1817 ad

1246 1828 1568 1876 apprehendendam
1607 1842 1678 1864 rem
1716 1830 1870 1877 aliquam
1902 1831 2009 1867 diffo-

1247 1881 1384 1919 lutam,
1422 1889 1461 1914 ut
1498 1878 1575 1914 sunt
1613 1880 1778 1925 nummi,
1816 1881 2006 1927 triticum,

1248 1930 1389 1967 milium
1431 1928 1500 1965 &c.
1538 1931 1590 1965 Eo
1631 1943 1770 1978 quoque
1811 1932 2006 1968 mensuram

1249 1994 1360 2018 rerum
1403 1979 1482 2028 ipsis
1521 1980 1680 2016 manibus
1719 1983 2009 2030 apprehensarum

1249 2031 1500 2080 significamus.
1526 2034 1607 2068 Vox
1636 2031 1694 2067 ista
1723 2046 1741 2068 e
1766 2035 1901 2070 Gemina
1927 2048 2010 2083 pro-

1248 2083 1338 2127 diit‚
1368 2096 1490 2129 nempe
1514 2083 1643 2129 gemini
1670 2096 1764 2117 manu
1798 2087 1914 2119 cavati
1941 2084 2008 2120 ali-

1249 2134 1333 2183 quid
1375 2133 1688 2181 comprehendere.
1732 2137 1870 2182 Utrdque
1913 2148 2010 2170 manu

1249 2186 1365 2220 cavati
1390 2184 1520 2232 legitur
1543 2185 1631 2233 apud
1657 2186 1884 2222 Ammianum
1910 2188 2009 2221 Mar-

1250 2236 1416 2272 cellinum
1447 2236 1528 2272 Lib.
1562 2239 1615 2272 16.
1644 2235 1732 2278 Cap.
1765 2238 1809 2272 V.
1838 2239 1889 2272 Ita
1917 2236 2008 2270 Pole-

1243 2286 1311 2329 fim'
1337 2286 1533 2333 penultimi
1560 2287 1663 2335 longa
1691 2286 1792 2322 nobis
1829 2286 2009 2333 appellan-

1249 2347 1307 2374 tur
1346 2338 1433 2372 Pulli
1455 2338 1673 2384 gallinarum.
1710 2336 1934 2385 Lampridius
1968 2335 2007 2371 in

1250 2388 1455 2424 Alexandro
1499 2390 1625 2424 Severo
1669 2388 1841 2421 Pullicenos
1887 2386 2007 2422 eadem

1250 2438 1505 2487 fignificatione
1529 2447 1799 2474 commemorat.
1820 2439 2027 2472 concaedem‘

1249 2488 1400 2532 Caesar,
1429 2489 1595 2525 Tacitus.
1625 2490 1658 2522 8<
1687 2487 1916 2523 Marcellinus
1948 2501 2008 2536 ap-

1250 2541 1426 2590 pellarunt
1466 2539 1696 2587 sepimentum
1737 2551 1781 2575 ex
1826 2539 2008 2575 arboribus

1874 2601 1958 2626 con-
