2169 3047
267 215 346 254 861
560 206 928 252 DISSERTATJO
960 205 1503 253 TRJGESIMATJJRTJAE
1702 212 1723 252 8
1732 217 1755 253 6
1764 227 1783 254 2

259 268 438 305 suadebit.
475 267 661 314 Menagius
698 267 739 301 ab
777 266 966 314 Infignare‚
999 271 1046 305 A.

257 312 325 355 hoc
353 319 396 354 est
423 332 441 353 a
468 320 587 363 Signo,
615 316 705 351 unde
732 318 763 352 8<
793 318 964 364 Significa-

257 383 310 413 σε,
345 368 452 416 ipsam
491 365 644 402 arceffit.
682 369 729 401 Et
767 367 843 402 heic
871 369 963 403 d2ffi-

257 419 386 455 cultas.
405 416 481 452 Cur
496 418 588 453 enim
609 417 849 465 praemittitur
866 420 964 455 Prae-

254 467 381 516 pofitio
409 470 482 502 In?
521 470 708 516 Nunquam
742 471 780 504 In
809 470 964 514 signum,

253 517 369 553 reddit
393 517 685 567 significationem
714 519 809 555 verbi
831 522 963 563 Docere,

253 567 311 604 seu
347 569 533 616 Insegnare.
566 571 687 605 Donec
724 571 870 606 meliora
908 584 964 607 me

253 618 401 654 doceant
437 619 522 663 alii,
557 630 716 656 veterum
747 622 961 670 Septentrio-

253 669 388 705 nalium
425 670 642 719 Linguarum
683 672 813 720 peritos
850 685 963 721 rogo,

254 729 293 755 ut
331 724 569 767 perpendant,
607 735 649 757 an
692 735 709 757 a
751 724 963 758 Germanico

252 771 427 806 vocabulo
469 773 551 806 sinn
593 773 761 809 emanasse
808 773 964 820 potuerit

251 821 403 857 nostrum
446 823 633 870 Infegnare.
673 823 743 859 Uti
781 823 872 860 infra
908 824 961 859 di-

252 885 350 911 cam,
379 872 527 908 nostrum
558 879 660 909 Sermo
687 888 730 909 ex
765 876 848 909 Sim»
875 876 959 910 Ger·

251 923 393 958 manico
419 924 539 967 venit,
560 923 775 973 significante
800 925 962 967 Pensiew,

251 975 366 1017 senso,
396 977 526 1010 Mente.
559 975 684 1010 Adhuc
721 976 890 1011 Germani
926 988 961 1011 a·

251 1023 330 1071 junt
366 1026 404 1059 In
445 1027 527 1059 sinn
568 1030 742 1070 Kommen,
781 1026 891 1060 Venire
928 1026 961 1060 in

250 1077 384 1118 Mente,
413 1076 446 1109 in
476 1076 638 1117 Pmfiero,
667 1076 720 1112 uti
749 1075 786 1112 &
814 1079 851 1111 In
878 1077 960 1109 Sinn

248 1127 384 1163 Haben,
411 1130 524 1160 Avere
550 1128 583 1158 in
607 1126 749 1163 Animo,
776 1125 809 1158 in
834 1124 959 1165 Penfie—

246 1186 301 1216 ro,
333 1175 525 1220 Dilegnare.
555 1176 647 1223 Ergo
676 1173 959 1210 confiderandum

246 1223 311 1263 est.
340 1237 422 1259 num
462 1238 505 1260 ex
542 1227 581 1259 In
616 1225 699 1259 Sinn
735 1225 959 1261 efformatum

246 1272 353 1309 fuerit
382 1274 498 1321 prirno
535 1275 733 1318 Inlinniare,
760 1277 795 1311 8<
825 1276 958 1324 postea,

247 1333 288 1358 ut
312 1323 393 1357 Sinn
418 1325 507 1370 apud
536 1337 598 1358 nos
627 1325 734 1359 evafit
758 1330 884 1368 Sermo,
908 1326 958 1359 ita

247 1372 429 1417 Insenniare
455 1373 610 1420 Majores
647 1373 751 1408 nostri
780 1374 959 1412 dixerint,

248 1436 287 1458 ac
328 1423 467 1459 demum
512 1424 697 1470 Insegmwe,
732 1423 958 1472 significaturi

249 1476 387 1508 Mettere
414 1475 448 1508 in
475 1476 609 1518 Mente,
637 1475 671 1508 in
699 1474 840 1515 Penstero
866 1475 956 1521 qual-

248 1525 299 1559 che
336 1525 401 1569 cosa
441 1526 485 1560 ad
520 1525 620 1559 altrui
636 1549 647 1564 ,
683 1523 729 1559 cb’
746 1526 810 1571 egli
844 1525 960 1571 dianzi

248 1588 308 1609 non
344 1575 459 1622 sapea.
498 1577 580 1611 Non
620 1574 780 1611 diffimili
821 1576 957 1611 ratione

247 1625 399 1661 dicimus
437 1627 676 1666 Dimenticare‚
704 1626 796 1674 quod
833 1626 878 1661 est
915 1630 957 1661 U*

241 1676 321 1721 scire
350 1678 387 1711 di
424 1679 556 1721 Mente,
593 1677 748 1721 Oblivisci
758 1704 768 1720 ,
805 1677 954 1712 Imbava-

243 1727 368 1774 gHare,
397 1729 532 1762 Merme
559 1728 592 1762 in
628 1727 814 1774 Bavaglio:
841 1730 956 1762 Imbor-

241 1778 338 1822 sare,
373 1779 510 1811 Mettere
546 1779 580 1812 in
617 1778 740 1819 Barsa:
776 1779 957 1824 Impalare,

246 1829 383 1862 Mettere
419 1828 452 1861 in
489 1829 594 1863 Palo:
629 1828 784 1868 Inviare,
822 1831 958 1863 Mettere

247 1878 281 1912 in
310 1880 392 1923 Via,
419 1877 492 1916 &a

195 1928 344 1971 Insteme.
373 1930 495 1964 Simul.
524 1931 626 1966 Hanc
654 1943 776 1966 vocem
806 1939 956 1978 praeter-

248 1979 374 2028 gressus
401 1979 446 2015 est
482 1981 688 2030 Menagius.
729 1983 837 2017 Nulla
867 1981 956 2017 mihi

247 2029 447 2070 dubitatio,
475 2031 560 2079 quin
589 2033 630 2067 ab
666 2032 795 2072 Inlimul
823 2031 956 2068 Latino

247 2079 365 2117 arceffi
387 2080 508 2130 poffit.
532 2082 670 2118 Addere
689 2091 807 2118 tamen
827 2083 955 2125 liceat,

247 2132 596 2169 animadvertendum
634 2146 796 2182 quoque,
833 2146 875 2169 an
912 2147 954 2168 ex

247 2184 456 2220 Germanica
499 2184 638 2233 Lingua
691 2184 820 2220 venisse
864 2184 956 2219 reeta

247 2236 289 2270 ad
318 2247 380 2270 nos
408 2236 583 2282 potuerit.
620 2238 766 2269 Sammen
794 2234 840 2270 est
868 2237 952 2270 Ger-

247 2285 360 2321 manis
388 2286 517 2320 Simul:
538 2287 753 2320 Zu-Sammen
769 2311 778 2327 ,
804 2285 955 2326 Infimul.

247 2334 325 2371 Cur
351 2336 472 2372 addito
508 2339 543 2371 In
577 2335 656 2371 voci
693 2338 838 2371 Sammen
874 2335 956 2372 inde

247 2384 383 2421 fluxifl‘e
404 2400 472 2422 non
495 2386 612 2435 potuit
629 2385 776 2422 nostrum
800 2386 956 2428 Inj‘t'eme?

248 2436 490 2472 Dubitandum
511 2451 651 2486 quoque
675 2437 740 2480 est,
761 2450 842 2472 num
871 2438 953 2472 Gal-

250 2485 359 2522 licum
386 2489 550 2530 Ensemble
574 2492 615 2523 ab
641 2491 679 2524 In
702 2490 734 2524 &
755 2488 860 2522 simul
884 2500 955 2522 cer-

250 2539 290 2573 ῐὸ
317 2538 522 2576 trahendum
549 2537 612 2583 fit,
640 2540 691 2575 uti
719 2540 753 2575 ὃ(
777 2537 957 2586 Affembter

1129 267 1171 302 ab
1199 266 1262 300 Ad
1287 265 1320 299 8<
1347 266 1469 300 simul.
1498 267 1745 305 Germanicum
1773 268 1845 319 pri-

1130 316 1299 352 mitivum
1327 315 1470 350 verbum
1499 317 1543 351 est
1567 321 1764 364 summam,
1786 320 1843 358 seu

1128 368 1308 406 Summlen,
1334 366 1528 415 significans
1556 369 1731 415 Colligere,
1748 374 1842 415 Jun-

1124 431 1218 465 gere,
1244 421 1460 464 Congregare,
1488 431 1506 452 a
1534 430 1642 465 nuper
1667 431 1839 457 memora·

1095 467 1099 471 ’
1128 478 1168 504 to
1195 468 1368 503 vocabulo
1398 471 1565 508 Sammen,
1597 469 1723 512 Simul,
1760 484 1841 508 ena..

1130 529 1229 554 tum.
1265 519 1350 555 Inde
1393 519 1511 567 potius
1553 519 1733 556 Gallicum
1770 524 1844 557 En-

1123 570 1265 615 semble,
1292 569 1427 613 Simul;
1454 568 1491 606 &
1530 571 1733 615 Enlembler,
1761 576 1844 607 Con-

1125 620 1278 667 jungere,
1306 623 1500 667 Congregare
1512 634 1530 664 ,·
1558 622 1673 664 primo
1703 623 1843 667 Ensam—

1129 672 1195 710 ler,
1221 679 1295 706 tum
1323 672 1526 716 Ensemhler.
1553 671 1622 708 Uti
1649 685 1731 721 ergo
1756 675 1843 709 Gal-

1128 721 1198 756 lica
1234 721 1396 770 Lingua,
1435 722 1555 758 addito
1593 725 1657 767 In,
1696 723 1751 760 seu
1787 727 1843 759 En

1128 784 1171 807 ex
1196 772 1408 808 Germanico
1431 774 1611 813 Sammlen‚
1637 774 1840 811 efformavit

1127 822 1320 870 praediRas
1359 836 1484 867 voces,
1511 823 1561 860 ita
1599 837 1661 860 nos
1699 838 1740 861 ex
1778 839 1840 861 eo·-

1127 873 1205 908 dem
1233 878 1402 917 Sammen,
1432 873 1622 923 praeposito
1661 878 1719 919 In,
1748 876 1841 911 deri-

1127 924 1218 960 vasse
1255 924 1434 970 potuimus
1467 926 1617 968 Insteme,
1646 925 1707 961 nisi
1750 926 1840 962 forte

1126 986 1189 1010 nos
1217 974 1309 1010 aaa
1337 989 1355 1010 a
1381 975 1495 1011 Gallis
1524 976 1721 1024 accepimus
1750 977 1839 1013 hanc

1126 1037 1274 1071 vocem,
1303 1026 1532 1062 Germanicae
1569 1026 1728 1075 alioquin
1768 1029 1842 1063 ori-

1127 1075 1247 1121 ginis,
1284 1077 1318 1112 &
1353 1090 1396 1112 ex
1434 1077 1599 1120 Ensemble
1638 1078 1842 1114 efformavi-

1126 1135 1203 1158 mus
1240 1126 1391 1165 Infieme.
1429 1126 1650 1162 Mutinenses
1688 1141 1843 1175 pronun-

1126 1172 1221 1209 tiant
1271 1175 1429 1219 Insemm,
1480 1177 1573 1222 quod
1626 1178 1840 1214 Germanico

1125 1224 1269 1273 propius
1297 1225 1454 1261 accedit.
1492 1227 1663 1270 Ensemora
1692 1228 1725 1262 &
1755 1230 1841 1273 Inse-

1124 1288 1210 1310 mora
1229 1276 1360 1325 legitur
1382 1276 1419 1312 in
1441 1277 1603 1313 Canticis
1632 1278 1764 1314 Fratris
1784 1282 1843 1323 Ja-

1125 1326 1253 1371 coponi
1281 1326 1494 1365 Tuder-tini,
1523 1327 1584 1374 qui
1622 1327 1744 1363 floruit
1771 1329 1840 1365 cir-

1124 1385 1162 1407 ca
1188 1372 1294 1408 finem
1319 1374 1434 1410 Seculi
1474 1377 1587 1411 Aerae
1620 1377 1840 1416 Christianae

1123 1423 1397 1460 Tertiidecimi,
1426 1425 1485 1461 Ad
1514 1426 1596 1462 haec
1626 1430 1841 1476 perpenden-

1123 1473 1205 1510 dum
1243 1474 1332 1515 erit,
1362 1488 1404 1510 an
1442 1477 1563 1512 solidis
1601 1477 1838 1518 fundamentis

1122 1525 1257 1560 nitatur
1293 1525 1502 1574 Menagffls,
1535 1527 1597 1575 qui
1633 1529 1839 1575 Affembrare

1122 1576 1268 1610 verbum
1312 1576 1355 1611 ab
1401 1577 1558 1625 antiquis
1600 1580 1837 1628 scriptoribus

1122 1624 1248 1662 Tuscis
1299 1625 1501 1674 usurpatum
1523 1654 1534 1672 ,
1574 1641 1666 1664 nunc
1717 1640 1835 1667 autem

1122 1675 1257 1723 prorsus
1293 1676 1489 1713 obsoletum
1507 1705 1516 1721 ,
1544 1679 1655 1716 trahit
1684 1681 1726 1716 ab
1754 1684 1834 1717 Ad-

1115 1726 1287 1768 simulare‚
1314 1728 1407 1775 quod
1444 1729 1588 1765 verbum
1626 1729 1656 1766 is
1687 1744 1834 1780 compo-

1119 1775 1221 1812 situm
1250 1777 1301 1814 ait
1328 1792 1347 1814 e
1381 1779 1507 1819 Simul,
1536 1790 1640 1829 atque
1676 1782 1834 1830 Scripto-

1119 1827 1215 1864 ribus
1243 1828 1414 1865 barbarici
1442 1830 1521 1866 aevi
1557 1831 1595 1867 in
1623 1831 1684 1868 usu
1712 1832 1832 1870 fuifl'e.

1119 1880 1174 1916 At
1204 1892 1310 1915 unum
1337 1882 1537 1930 exemplum
1563 1883 1729 1931 optassem
1756 1896 1835 1920 ver-

1121 1929 1157 1966 bi
1184 1930 1391 1971 Adfiraulare
1426 1945 1489 1979 pro
1526 1937 1744 1981 congregare,
1772 1939 1833 1969 Or-

1119 1981 1257 2017 dinare:
1291 1995 1379 2029 quae
1406 1982 1451 2018 est
1487 1982 1698 2032 fignificatio
1734 1985 1834 2022 verbi

1119 2029 1322 2077 Affembrare
1333 2059 1341 2068 .
1361 2033 1424 2068 Sed
1440 2032 1558 2070 frustra
1574 2034 1711 2072 fortaffe
1727 2050 1834 2085 quae-

1120 2094 1196 2118 ras:
1223 2083 1256 2119 &
1283 2084 1420 2119 nullum
1450 2085 1683 2134 Du—Cangius
1710 2086 1832 2123 novit.

1119 2134 1239 2178 Quare
1263 2146 1372 2180 quum
1393 2132 1612 2179 Affembrare,
1632 2135 1833 2181 Affembrer,

1118 2184 1153 2218 δε
1180 2184 1347 2227 Ensemble
1372 2183 1524 2232 ejusdem
1562 2184 1629 2221 fint
1658 2186 1832 2235 originis,

1120 2247 1345 2281 unaquaeque
1370 2248 1440 2271 vox
1465 2249 1486 2271 e
1506 2236 1718 2273 Germanica
1741 2237 1832 2274 Lin-

1120 2298 1185 2333 gua
1214 2285 1376 2333 prodiiffe
1404 2285 1564 2322 videtur.

1069 2339 1216 2377 Intanto.
1252 2340 1436 2372 Praeterea.
1473 2338 1531 2373 Ad
1559 2337 1731 2387 originem
1763 2339 1829 2376 hu—

1119 2387 1172 2436 jus
1200 2386 1377 2423 Idiotismi
1409 2387 1527 2423 Italici
1565 2389 1826 2437 affe-quendam,

1119 2439 1289 2473 nonnulla
1320 2437 1484 2473 videntur
1513 2437 1825 2487 subintelligenda.

1120 2487 1304 2526 Nimirum
1332 2488 1487 2535 exempli
1516 2488 1649 2525 caussa:
1689 2493 1726 2524 In
1752 2500 1827 2524 tan-

1120 2548 1152 2572 to
1177 2549 1339 2585 tempore;
1364 2551 1422 2585 quo
1456 2538 1522 2574 heic
1555 2551 1673 2586 moror,
1702 2549 1761 2576 aut
1790 2550 1826 2576 m

1693 2589 1773 2635 scri-
