2169 3047
264 213 346 260 609
552 201 920 246 DISSERTATIO
952 199 1469 247 TRJGESIMATERTJA
1479 211 1490 247 ἐ
1687 215 1771 252 610

205 265 328 298 varicae
347 261 462 310 gentis
487 260 639 296 sobolem
663 260 729 296 sese
751 261 961 310 profiteban-
986 265 1033 300 'A
1069 262 1215 296 vocibus
1243 275 1286 297 ex
1314 262 1503 298 Germania

1042 321 1206 356 tamur,
1242 311 1332 348 infra
1369 326 1433 360 ego
1471 313 1671 351 ostendam.
1707 318 1830 352 Minus

203 323 281 349 tur.
319 314 358 347 In
387 311 592 360 quibusdam
622 311 845 348 Civitatibus
884 315 960 361 plu-

201 377 253 399 res
282 363 398 398 videas
431 363 470 397 ad
507 372 627 410 gentes
655 362 735 398 illas
766 362 859 398 suam
888 363 960 400 ori-

201 413 317 462 ginem
346 411 494 451 referre,
521 425 623 459 quam
664 413 705 448 ad
742 415 958 450 Romanam.

201 462 332 499 Senensi
380 462 415 497 in
461 463 556 498 Urbe
603 463 787 499 testabatur
827 465 958 501 amicus

199 527 296 550 meus
340 513 641 562 Benvnglientus‚
691 515 788 562 supra
826 526 957 551 ceteros

200 563 384 599 invaluisse
426 564 625 610 professores
663 566 788 600 salicae
823 567 957 615 LegiS.

197 613 239 650 In
269 614 348 650 aliis
385 615 529 663 praestat
556 616 697 650 Romam·
735 616 856 664 populi
893 631 955 652 nu-

200 677 313 700 merus
330 692 339 700 .
833 693 835 695 -

249 716 337 750 Satis
376 716 507 751 interea
535 729 576 751 ex
615 716 682 764 jam
713 716 817 752 dietis
856 717 957 753 nobis

198 765 264 805 est,
292 774 330 801 ut
357 765 598 814 intelligamus
617 793 625 807 ,
654 780 714 801 cur
741 767 843 802 facile
870 769 953 803 Ger-

196 815 353 851 manicae
382 817 542 863 Linguae
572 829 671 851 voces
690 846 698 858 ,
737 831 775 852 ac
810 819 952 866 loquen—

196 866 233 901 di
268 865 395 901 formas
426 867 563 914 Lingua
603 866 710 902 nostra
748 869 834 902 olim
875 870 949 904 ado-

197 917 304 965 ptaffe
327 917 500 964 potuerit.
532 918 679 952 Proinde
701 931 769 953 non
794 918 857 953 hac
879 929 937 954 tan

198 977 273 1002 tum
319 968 424 1007 luce,
466 967 518 1002 sed
561 968 776 1015 experientia
818 983 954 1017 quoque

198 1030 382 1066 praeeunte
419 1018 555 1060 didici,
592 1032 633 1053 ex
672 1020 860 1054 Germania
900 1034 938 1066 pe

196 1070 335 1102 tendam
365 1069 429 1103 effe
463 1069 696 1112 complurium
729 1082 852 1105 vocum
892 1082 937 1104 no

195 1117 335 1152 (irarum
373 1118 577 1165 originem.
620 1121 664 1152 Et
704 1119 809 1167 longe
846 1119 951 1154 etiam

194 1169 309 1215 plures
347 1168 396 1202 ibi
434 1169 662 1215 reperiremus
700 1179 797 1203 natas
826 1182 953 1209 voces,

194 1220 320 1265 quibus
354 1218 474 1253 Italica
508 1219 644 1267 Lingua
685 1231 776 1254 nunc
814 1221 953 1263 utitur,

193 1267 216 1303 si
244 1282 348 1317 prope
368 1279 561 1304 teneremus
587 1270 776 1311 scandiae,
800 1272 953 1309 Daniae,

193 1318 369 1359 Gothiae,
394 1321 611 1366 aliarumque
639 1319 796 1367 gentium
828 1322 948 1356 Borea—

194 1368 281 1403 lium
325 1369 513 1417 Lingua53
558 1383 668 1415 neque
708 1373 954 1406 tantummodo

195 1431 282 1465 quae
321 1432 410 1453 nunc
449 1419 680 1465 usurpantur,
718 1419 772 1454 sed
803 1433 890 1466 quae
920 1435 953 1455 e-

195 1469 282 1504 tiam
307 1479 385 1503 ante
412 1469 511 1503 mille
531 1470 561 1504 811
587 1471 698 1516 plures
726 1483 834 1506 annos
860 1470 949 1506 usur-

195 1519 385 1567 pabantur.
411 1520 513 1553 Tunc
539 1520 820 1568 agnosceremus,
846 1535 951 1568 quan—

196 1578 229 1604 ta
259 1570 441 1604 verborum
473 1569 563 1617 seges
594 1570 674 1604 inde
702 1572 741 1604 ad
773 1584 833 1605 nos
861 1574 936 1606 dela

193 1627 229 1654 ta
259 1619 390 1662 fuerit,
420 1632 526 1667 quum
559 1633 626 1654 non
660 1621 771 1655 levem
802 1634 865 1669 ego
896 1621 950 1655 sim

193 1669 409 1712 ostensurus,
446 1669 578 1704 etiamsi
622 1672 718 1705 curta
757 1670 950 1707 suoellcffl-

194 1720 228 1754 le
259 1721 291 1755 in
323 1720 492 1767 ejusmodi
524 1720 721 1756 eruditione
751 1721 953 1756 instruffius.

193 1771 298 1815 Quod
337 1770 357 1803 fi
397 1783 504 1813 nuper
542 1780 752 1806 memoratus
789 1771 952 1806 Marchio

194 1820 313 1868 Scipio
338 1820 498 1868 Maffejus
526 1821 605 1856 Lib.
630 1823 689 1855 ΧΙ.
717 1823 877 1857 Veronae
907 1823 950 1857 11-

193 1870 284 1906 lustr.
313 1869 458 1906 scribit:
497 1872 564 1904 Che
595 1871 719 1908 rileva.
751 1872 785 1915 se
812 1872 889 1916 forse
916 1887 951 1906 u-

192 1935 236 1956 na
261 1922 394 1955 ventina
420 1922 456 1955 di
481 1921 623 1956 vocabuli
650 1922 766 1959 uliamo
802 1924 954 1969 origimm‘

193 1972 250 2006 dat
277 1973 405 2012 Tedesco
422 1974 440 2004 .'
467 1972 518 2005 che
545 1983 649 2006 monta
676 1975 720 2006 σιὸ
748 1975 797 2006 nel
825 1986 910 2018 corpo
937 1988 952 2007 e

194 2021 412 2066 nell'impasto
437 2020 470 2055 α’
488 2036 550 2055 una
578 2023 736 2069 Lingua?
770 2022 870 2068 Affai
894 2026 952 2070 ρι’ὲι

195 2085 234 2106 ne
260 2072 402 2106 abbiamo
436 2073 493 2106 dal
517 2075 630 2112 Gveoe,
658 2087 674 2107 e
709 2073 788 2120 affai
822 2076 880 2118 pn}
916 2089 952 2109 ne
980 2077 981 2086 ¹

194 2124 338 2157 abbiamo
361 2122 418 2156 dal
439 2124 657 2164 Provenzale:
680 2125 875 2160 meminisse
898 2135 949 2160 ta-

193 2184 273 2208 men
310 2173 340 2207 is
380 2173 502 2214 debet,
540 2172 571 2209 se
612 2174 760 2210 minime
801 2188 950 2224 negare,

193 2223 279 2270 quin
307 2236 350 2259 ex
389 2224 615 2259 Barbarorum
647 2225 682 2260 in
722 2227 862 2261 Italiam
891 2226 950 2261 ad-

193 2285 302 2309 ventu
331 2274 517 2310 immutata
546 2274 649 2310 fuerit
674 2278 884 2312 Latinorum
915 2291 950 2312 a-

193 2323 262 2373 pud
300 2338 362 2360 nos
398 2324 558 2373 Lingua.
596 2327 712 2361 Nemo
753 2337 844 2362 certe
880 2339 950 2362 non

194 2374 378 2423 agnoscat,
407 2375 497 2410 nihll
524 2376 588 2410 effe
618 2378 784 2411 vocabula
822 2381 863 2412 ab
890 2392 951 2412 ex-

195 2426 277 2461 teris
316 2426 466 2473 Linguis
504 2428 544 2460 ad
582 2439 643 2461 nos
682 2426 834 2475 profefih
874 2442 951 2472 prae

195 2477 456 2517 comparatione
484 2477 651 2521 illorum,
678 2490 765 2524 quae
795 2492 812 2512 a
847 2480 951 2513 Latio

195 2528 410 2575 accepimus.
449 2529 499 2562 At
526 2539 610 2563 num
645 2527 776 2577 viginti
813 2538 948 2564 tamum

292 2580 379 2613 Tom.
408 2579 462 2613 VJ.

1542 264 1663 311 petitis
1701 280 1762 301 nos
1791 280 1831 303 u-

1068 373 1206 405 autem‚
1232 376 1335 410 quam
1358 363 1419 399 ille
1444 373 1566 412 putat,
1589 378 1651 400 nos
1677 365 1712 400 in
1740 368 1831 402 Vul-

1067 414 1139 461 gari
1165 414 1305 461 Lingua
1333 415 1444 450 nostra
1473 415 1597 451 habere
1624 416 1831 452 Provincia-

1067 464 1155 499 lium
1185 466 1322 500 Vocum
1353 465 1421 513 jam
1452 465 1549 514 supra
1579 465 1722 502 monui.
1755 467 1831 502 Pri-

1067 513 1117 549 mi
1146 514 1286 561 quidem
1327 517 1471 552 Italicae
1509 515 1670 566 Linguae
1704 518 1830 553 Poetae

1066 577 1108 599 ex
1151 565 1338 602 Provincia
1375 568 1571 615 complures
1609 581 1712 603 voces
1753 580 1832 603 mu-

1067 614 1155 650 tuati
1196 615 1299 665 sunt;
1337 617 1391 652 sed
1430 617 1512 653 illae
1549 618 1753 666 neutiquam
1792 618 1830 654 in

1041 684 1042 693 κ
1067 666 1187 713 populi
1205 667 1308 702 nostri
1327 669 1575 704 commercium
1596 668 1804 704 transierunt
1817 695 1829 713 ,

1065 717 1097 750 δ(
1130 717 1285 752 Salviato
1311 718 1386 766 ipso
1414 718 1545 755 fatente
1570 719 1724 755 exsulare
1754 719 1831 754 sen-

1066 765 1124 800 sim
1164 767 1303 804 can'cae
1336 769 1495 805 fuerunt.
1536 772 1581 805 Et
1621 770 1777 818 ρτοῗεξὶο
1804 768 1828 805 fi

1065 830 1345 866 unamquamque
1375 820 1597 868 singularium
1637 821 1759 856 ltaliae
1786 833 1826 855 ac

1065 867 1101 901 in
1130 870 1252 913 prunis
1283 871 1594 906 Lombardicarurn
1623 871 1828 906 Civitarum

1067 918 1245 953 maldios
1285 923 1535 964 (crutaremur,
1565 931 1699 967 praeter
1726 921 1828 956 adhi-

1066 968 1153 1002 bitas
1195 970 1232 1003 in
1277 971 1417 1018 Lingua
1467 970 1665 1007 Communi
1717 971 1829 1007 nostra

1066 1020 1200 1061 Voces,
1221 1020 1306 1055 alias
1333 1022 1609 1057 nancisceremur
1633 1035 1676 1057 ex
1702 1022 1826 1058 eodem

1063 1069 1275 1104 Germanico
1327 1070 1424 1107 fonte
1474 1072 1645 1108 derivatas
1670 1099 1679 1108 .
1730 1073 1829 1108 Mira

1065 1118 1208 1163 proinde
1238 1119 1326 1153 mihi
1366 1134 1502 1156 narrare
1542 1124 1682 1157 videtur
1719 1135 1828 1170 nuper

1062 1169 1221 1203 laudatus
1260 1171 1424 1205 Marchio
1456 1173 1617 1217 Maffcjus
1656 1173 1737 1207 Lib.
1766 1186 1827 1208 eo-

1061 1219 1137 1253 dem
1170 1220 1230 1253 Xl.
1257 1222 1386 1256 Veron.
1418 1222 1540 1257 lllussr.
1569 1223 1648 1257 dum
1679 1222 1827 1268 scribit,

1062 1270 1196 1304 nullum
1231 1270 1268 1304 in
1299 1272 1486 1307 Veronensi
1528 1273 1691 1308 Dialeao
1719 1286 1826 1309 voca-

1063 1320 1181 1354 bulum
1212 1320 1354 1361 haberi,
1385 1324 1475 1370 quod
1506 1324 1545 1359 ad
1575 1324 1824 1361 Germanicam

1063 1370 1238 1417 Linguam
1269 1372 1456 1409 referatur.
1486 1375 1519 1409 Si
1551 1374 1620 1423 ipsa
1651 1378 1826 1411 Commu-

1062 1433 1115 1454 ms
1144 1421 1314 1455 [talorum
1345 1423 1486 1471 Lingua
1515 1435 1569 1459 tot
1600 1426 1756 1461 Vocibus
1786 1440 1826 1462 u-

1061 1470 1149 1504 titur
1190 1484 1231 1506 ex
1274 1474 1463 1508 Germania
1507 1475 1697 1522 prostbiis:
1742 1477 1827 1524 quei

1063 1521 1193 1555 nullam
1234 1523 1446 1558 Veronenses
1483 1525 1697 1572 agnostunt?
1738 1529 1823 1563 Alia

1061 1570 1104 1604 est
1133 1571 1278 1605 aliarum
1311 1572 1465 1608 Urbium
1496 1575 1656 1610 fortuna.
1693 1579 1825 1612 Exem-

1065 1620 1109 1656 nli
1139 1620 1252 1655 caussa
1277 1623 1534 1659 Mutinenfibus
1559 1627 1649 1669 Bioss
1669 1625 1714 1660 est
1745 1630 1824 1671 spo-

1061 1671 1178 1709 liatus,
1211 1673 1342 1715 Merus,
1375 1676 1509 1708 Nudus.
1547 1675 1823 1713 Mediolanensi-

1062 1722 1121 1754 bus
1151 1722 1241 1755 Βίου
1265 1722 1356 1756 idern
1389 1723 1579 1772 significat.
1609 1728 1689 1761 Vox
1716 1727 1774 1763 ista
1802 1741 1822 1764 e

1060 1771 1272 1806 Germanico
1313 1775 1431 1813 Bloss‚
1472 1779 1616 1814 Nudus,
1652 1780 1822 1824 Simplcx,

1060 1822 1144 1855 omni
1169 1832 1281 1856 ornatu
1316 1823 1504 1867 destitutus,
1540 1827 1629 1861 unde
1666 1828 1697 1861 ἃ
1729 1829 1825 1873 Blos-

1057 1872 1131 1915 sen,
1168 1875 1321 1912 Nudam,
1358 1876 1562 1911 emanavit.
1599 1877 1821 1914 Mutinenses

1060 1923 1182 1955 Entino
1207 1925 1386 1970 appellant
1417 1928 1623 1966 Surculum,
1651 1941 1721 1973 quo
1751 1927 1823 1966 fru-

1059 1971 1201 2008 &iferae
1239 1975 1376 2009 arbores
1413 1975 1631 2013 inseruntur.
1663 1980 1711 2013 Ea
1742 1979 1823 2027 qui-

1059 2024 1136 2058 dem
1179 2036 1250 2058 vox
1289 2038 1306 2059 a
1345 2025 1487 2062 Gallico
1529 2031 1614 2062 Eme
1651 2029 1742 2065 reffl
1780 2031 1821 2066 ad

1060 2087 1122 2108 nos
1150 2073 1339 2121 proceffiffe
1368 2078 1510 2126 porum
1539 2077 1594 2114 sed
1636 2089 1705 2114 tam
1736 2082 1824 2116 Gal-

1059 2124 1128 2158 lica
1145 2152 1154 2165 ‚
1180 2137 1282 2172 quarn
1314 2128 1438 2162 Italica
1464 2141 1534 2164 vox
1564 2143 1582 2165 e
1607 2132 1821 2167 Germanico

1060 2176 1208 2208 Einthun
1245 2176 1285 2210 ad
1325 2190 1387 2213 nos
1421 2192 1572 2222 Vvenere,
1605 2180 1823 2228 significante

1060 2227 1193 2259 Merme
1227 2228 1366 2261 dentre:
1401 2229 1493 2277 quod
1532 2231 1663 2267 Latine
1700 2232 1821 2268 reddas

1060 2276 1239 2316 Inmittere,
1268 2279 1420 2319 Inserere.
1461 2282 1527 2316 Pro
1556 2284 1679 2316 Entr'no
1713 2283 1823 2319 Tusci

1058 2326 1181 2361 dicunt
1207 2329 1355 2372 Marza:
1381 2343 1482 2378 quam
1515 2345 1635 2367 vocem
1675 2346 1693 2368 a
1723 2335 1820 2369 Mat-

1059 2375 1112 2411 tio
1149 2377 1263 2413 mense
1299 2379 1439 2425 inepte,
1471 2391 1508 2417 ut
1547 2383 1635 2418 mihi
1674 2383 1817 2430 quidem

1059 2427 1219 2469 videtur,
1250 2432 1413 2466 nonnulli
1452 2432 1634 2469 derivant.
1672 2435 1818 2470 Habent

1057 2478 1090 2512 8<
1119 2479 1239 2518 Inneslo
1265 2481 1371 2516 iidem
1408 2483 1537 2518 Tusci.
1578 2487 1627 2519 De
1655 2484 1714 2519 ista
1746 2488 1817 2520 Ae-

1033 2547 1035 2555 ν
1058 2528 1172 2576 gidius
1200 2531 1387 2580 Menagius
1422 2532 1460 2568 in
1487 2534 1626 2583 Origin.
1655 2535 1815 2581 Linguae

1170 2581 1213 2623 Q
1233 2593 1255 2628 q
1693 2587 1763 2618 1:2³.-
