2169 3047
549 220 914 265 DISSERTATJO
945 219 1486 265 TRIGESIMATERTJAE
1685 240 1775 281 914

1122 278 1255 316 censuit
1292 278 1429 323 Festus,
1457 279 1525 316 five
1563 283 1704 319 Paullus
1744 285 1834 321 Dia-

1122 344 1248 367 conus.
1277 330 1313 366 Si
1350 329 1526 374 Pastillus,
1553 331 1665 368 immo
1694 334 1732 370 ἃ
1763 340 1832 372 Pa-

1113 382 1262 426 stillum,
1295 379 1384 417 Cibi
1419 393 1549 430 genus,
1576 382 1614 417 in
1651 384 1710 420 usu
1747 395 1831 424 tunc

203 240 422 330 Paffigigiare.
460 280 689 317 Deambulare.
725 283 913 331 Menagius
944 296 962 318 e
987 283 1045 317 *Al

253 334 399 380 Spatium
425 331 583 374 derivat,
612 339 650 366 ut
688 331 728 367 fit
755 333 962 380 Exspatiari.

252 383 351 419 Mihi
375 390 507 417 certum
530 380 694 426 videtur,
715 393 852 419 enatam
877 382 961 420 fuis-

253 433 286 469 se
313 434 346 467 &
383 431 471 467 hanc
508 444 631 468 vocem
667 446 686 468 e
712 432 845 478 Paffm,
872 434 962 469 unde

251 481 400 528 Paffare,
417 480 604 529 Paffaggio,
621 484 654 518 δ(
670 482 853 531 Paffeggio.
870 487 960 520 Nam

253 543 294 569 ut
321 532 466 578 Paffibus
493 532 561 568 iter
588 533 775 574 habemus,
803 535 854 570 ita
883 536 961 580 Pas-

249 583 335 626 sibus
359 584 613 620 deambulamus.
640 584 724 620 Inde
749 585 855 620 etiam
883 586 963 630 Pas-

247 633 408 681 seggiere‚
436 634 497 680 qui
534 634 603 670 iter
640 634 745 671 facit.
785 635 889 672 Nihil
926 649 962 671 a-

253 684 329 720 liud
367 683 411 719 est
437 684 657 732 Paffiggiare,
685 685 748 722 nifi
778 689 862 721 Fare
886 689 925 721 de
952 687 964 721 i

253 736 358 781 Paffi.
389 734 495 783 quue
522 736 630 772 etiam
657 737 700 773 de
736 736 834 785 equis
867 737 963 773 ince-

253 785 417 822 dentibus
444 786 614 823 dicimus,

200 837 318 880 Pasta.
348 836 473 872 Farina
501 837 539 873 in
567 839 708 875 massam
740 839 828 887 aqua
864 838 962 875 suba-

252 887 329 923 aa.
356 887 509 924 Obscura
535 888 580 924 est
604 890 694 926 mihi
720 890 818 926 vocis
842 890 963 938 origo.

252 939 441 987 Menagius
487 940 628 986 quidem
676 940 851 989 intrepide
902 954 962 988 pro

252 1000 350 1025 more
378 990 452 1025 ait:
484 994 538 1025 Da
567 992 661 1036 Pinso
689 992 790 1039 (cioe
821 991 962 1039 subigo)

252 1042 395 1081 Pistum,
423 1041 532 1085 Pista,
559 1043 675 1084 Pafta.
702 1042 764 1077 Sed
791 1041 961 1077 Latinum

252 1091 381 1133 Pinsrre
407 1091 617 1140 significavit
652 1093 779 1134 Pistillo
813 1097 962 1135 tundere,

251 1142 285 1175 8(
314 1144 495 1186 Frangere.
523 1143 612 1176 unde
637 1142 791 1176 Tuscum
816 1143 962 1184 Pestare,

249 1191 284 1224 &
313 1189 566 1225 Mutinensium
606 1190 747 1233 Pistare,
775 1189 814 1226 &
851 1190 961 1234 Ptsta,

248 1237 288 1275 &
316 1240 422 1282 Pisto,
452 1250 490 1275 ut
517 1239 606 1276 infra
636 1241 806 1276 monebo.
843 1242 962 1287 Quare

250 1303 371 1336 parum
411 1291 485 1325 veri
522 1291 664 1325 videtur
701 1291 835 1329 simile,
866 1292 963 1331 Palla

250 1339 332 1373 inde
359 1338 603 1377 efformatum,
625 1351 662 1373 ac
689 1338 907 1386 potissimum
935 1342 961 1374 I.

251 1388 419 1424 converso
447 1389 483 1423 in
511 1392 559 1424 A.
587 1388 724 1424 Vossius
752 1388 834 1425 Lib.
860 1389 894 1425 6.
922 1389 962 1424 de

252 1439 365 1474 Vitiis
404 1442 601 1479 Sermonis,
637 1439 754 1482 Fufia,
791 1439 868 1483 ait,
906 1441 961 1474 vel

250 1503 270 1525 a
306 1490 424 1525 Latino
460 1491 576 1533 Pasto,
607 1490 681 1536 quia
716 1492 753 1524 ei
785 1490 960 1536 pascimur,

250 1550 308 1584 vel
337 1552 451 1584 Graeco
485 1543 663 1594 Ποία-σω,
690 1549 854 1596 Inspergo,
881 1550 963 1583 unde

250 1601 367 1648 [locs-7)
399 1609 565 1656 Inspersa;
588 1619 687 1655 puta,
707 1609 839 1653 farina.
864 1611 960 1645 Haec

249 1658 430 1706 ingeniose
461 1659 685 1708 excogitata;
714 1669 869 1696 attamen
906 1660 951 1694 ni-

251 1708 305 1745 hil
331 1710 417 1745 certi
444 1709 525 1745 inde
550 1710 693 1753 elicias,
714 1723 822 1758 quum
848 1710 960 1752 Pastus

250 1761 500 1796 tantummodo
527 1759 697 1809 significet
725 1761 899 1804 Pascint05
926 1761 957 1794 8:

248 1810 432 1846 innumera
469 1811 539 1846 alia
572 1810 658 1854 sint,
687 1810 812 1858 quibus
850 1810 957 1860 pasci-

248 1873 349 1905 mur,
378 1875 465 1909 quae
503 1870 621 1897 tamen
653 1861 750 1904 Pasta
786 1862 958 1910 appellare

248 1925 354 1947 nemo
382 1911 586 1955 consuevit,
611 1925 723 1960 neque
750 1925 813 1947 nos
841 1911 958 1955 Pastd,

249 1961 305 1997 sed
332 1966 420 1997 Pane
447 1961 644 1998 vescamur-
675 1962 730 1998 Ut
756 1976 826 1999 non
854 1962 958 1998 semel

250 2022 426 2061 repetam,
463 2013 578 2048 minus
621 2013 807 2049 verborum
852 2014 957 2061 quarn

249 2063 445 2107 credimus,
482 2077 500 2099 e
536 2066 668 2099 Graeca
703 2063 845 2112 Lingua
881 2076 958 2099 mu-

249 2113 342 2149 tuati
370 2114 519 2151 fuimus.
543 2116 590 2151 Et
617 2114 655 2149 in
683 2127 721 2149 ea
748 2113 889 2162 quidem
919 2128 957 2149 0-

249 2163 395 2213 pinione
436 2164 539 2209 sum,
576 2164 850 2212 antiquissimam
892 2165 957 2200 effe

249 2215 340 2263 apud
376 2229 439 2251 nos
475 2215 564 2251 hane
602 2228 746 2255 vocem,
775 2229 885 2263 neque
919 2216 957 2252 e&

250 2265 392 2302 earuiffe
429 2266 639 2302 Latinorum
671 2267 816 2314 vulgus,
846 2278 956 2313 quan-

249 2329 353 2362 quam
391 2318 551 2368 exempla
587 2315 837 2352 desiderentur.
872 2315 956 2353 Fuit

206 2378 211 2379 ⁷
249 2366 345 2401 enirn
372 2366 512 2403 Latinis
550 2365 628 2416 ipsis
662 2368 838 2409 Pastillus,
867 2366 956 2402 mas-

249 2415 322 2451 sam
349 2417 594 2465 cujuscumque
621 2417 787 2453 materiae
814 2417 957 2453 dissolu-

250 2472 328 2510 tae,
355 2467 388 2502 8<
417 2481 475 2515 per
502 2481 626 2515 aquam
661 2467 799 2504 coaS'tae
826 2467 957 2516 signifi-

252 2528 358 2559 cans,
385 2518 474 2553 unde
502 2518 650 2554 nostrum
684 2519 819 2561 Pastello
846 2518 957 2553 traxi-

251 2578 348 2601 mus.
375 2568 542 2608 Pastinum
567 2569 796 2604 diminutivum
821 2583 842 2605 a
868 2572 956 2607 Pan-2

295 2619 384 2653 Tam.
412 2620 466 2654 VI,

1010 735 1038 769 B

989 1649 992 1661 ¹
1005 1644 1036 1676 D

1003 2096 1031 2128 E

1045 699 1048 743 ἱ

1120 432 1211 476 fuit,
1239 444 1300 467 cur
1337 444 1408 467 non
1441 432 1475 466 8(
1511 431 1637 474 Pasta?
1663 437 1832 474 Ceterum.

1120 496 1191 518 non
1228 481 1311 518 Itali
1350 483 1510 522 tantum,
1547 482 1603 518 sed
1639 484 1672 518 &
1710 487 1831 532 Galli,

1120 532 1311 577 Germani,
1348 533 1520 582 Hispani,
1547 534 1581 568 δε
1618 536 1732 584 Angli
1768 536 1833 574 hac

1122 598 1209 620 voce
1246 592 1414 628 utuntur,
1442 583 1493 619 ita
1530 593 1569 620 ut
1604 594 1664 620 aut
1699 587 1833 625 Latina

1122 636 1286 684 Lingua,
1311 644 1372 670 aut
1398 634 1519 670 saltem
1545 637 1745 683 Septentrio
1776 638 1835 686 ip-

1122 686 1192 721 sam
1230 685 1332 721 nobis
1362 685 1488 721 dedisse
1527 686 1706 723 videatur:
1738 689 1833 737 quod

1122 737 1203 773 aliis
1240 735 1434 772 accuratius
1470 736 1747 788 investigandum
1778 754 1835 777 re-

1123 787 1269 836 linquo.

1071 839 1217 882 Pastoia.
1238 839 1355 875 Pedica
1376 853 1538 887 equorum.
1566 840 1744 890 Integram‘
1767 842 1834 879 hu·-

1122 890 1174 938 jus
1202 890 1367 925 vocabuli
1395 890 1685 939 fignificationem
1716 894 1833 930 erudi-

1120 941 1150 976 ti
1180 940 1377 976 Florentini
1415 943 1453 976 in
1489 943 1726 979 Vocabulario
1764 946 1835 981 mi-

1121 990 1217 1027 nime
1259 991 1464 1039 explicuisse
1509 993 1599 1029 mihi
1642 994 1833 1031 videntur„

1120 1043 1238 1090 Aiunt
1273 1044 1389 1078 enim:
1430 1044 1550 1089 ,Quella
1579 1044 1682 1088 fune,
1719 1046 1770 1079 che
1801 1046 1834 1087 fi

1121 1103 1212 1139 »pene
1238 1092 1367 1138 a'piedi
1393 1095 1475 1127 delle
1503 1093 1594 1136 bestie
1620 1097 1664 1129 da
1687 1097 1835 1130 cavate:-

1120 1153 1172 1184 νε,
1207 1152 1263 1186 per
1298 1144 1358 1175 dar
1392 1144 1456 1175 loro
1491 1143 1666 1179 l‘Amhio.
1703 1145 1833 1181 lisdem

1119 1191 1244 1226 Ambio
1263 1189 1308 1225 est
1325 1190 1455 1236 Inceffus
1474 1193 1641 1233 alutaris,
1657 1193 1740 1229 idest
1757 1200 1836 1229 An-

1119 1243 1196 1276 dare
1229 1241 1265 1276 di
1297 1252 1464 1288 portante,
1497 1255 1513 1276 e
1539 1244 1670 1279 traina.
1709 1247 1836 1293 Neque

1120 1289 1258 1326 inficias
1296 1292 1422 1333 ierim,
1460 1293 1547 1338 quin
1584 1293 1621 1328 ἂ
1661 1294 1752 1330 funis
1790 1296 1833 1331 ad

1120 1340 1156 1374 id
1193 1339 1305 1374 officii
1343 1340 1521 1376 adhibitus
1559 1343 1688 1386 Paflos'a
1715 1347 1835 1393 appel-

1120 1390 1231 1424 letur.
1261 1389 1324 1424 Sed
1353 1389 1452 1425 fimul
1481 1391 1590 1435 addo,
1619 1394 1741 1436 Palloie
1770 1409 1834 1431 an-

1119 1439 1230 1487 tiquis
1251 1439 1450 1489 praesertim
1479 1441 1577 1478 fuisse
1597 1443 1834 1492 impedimen-

1119 1499 1155 1526 ta
1180 1499 1239 1526 aut
1264 1504 1307 1527 ex
1330 1489 1440 1531 ferro,
1466 1502 1525 1528 aut
1552 1507 1594 1529 ex
1622 1495 1744 1544 ligno,
1773 1506 1834 1534 aut

1119 1554 1160 1577 ex
1189 1540 1291 1581 fune,
1320 1541 1464 1589 pedibus
1496 1543 1732 1590 jumentorum
1761 1549 1833 1584 im-

1119 1590 1249 1639 posita,
1286 1604 1329 1626 ne
1365 1593 1506 1641 longius
1543 1606 1757 1644 evagentur.
1795 1601 1832 1635 A

1118 1642 1233 1677 Gallis
1271 1641 1436 1678 dicuntur
1472 1646 1656 1688 Enna-ves,
1688 1661 1706 1682 a
1743 1647 1832 1685 Mu-

1119 1692 1308 1728 tinensibus
1342 1694 1446 1739 Balze
1480 1696 1524 1729 da
1550 1698 1708 1742 cavallo,
1739 1699 1830 1735 unde

1120 1743 1253 1790 prodiit
1292 1744 1436 1779 verbum
1479 1747 1676 1792 Imbalzare.
1720 1750 1828 1797 Apud

1118 1793 1328 1829 Schiiterum
1357 1794 1393 1830 in
1422 1796 1596 1832 Gloffario
1625 1799 1830 1836 Teutonico

1117 1844 1256 1881 Glossae
1280 1853 1414 1880 veteres
1439 1845 1567 1883 habent
1593 1850 1734 1894 lsValza‚
1767 1854 1830 1885 Pe-

1116 1895 1212 1931 dica.
1258 1895 1556 1934 Latino-Barbari
1606 1900 1829 1948 appellarunt:

1117 1945 1288 1994 ejusmodi
1325 1946 1619 1995 impedimentum
1657 1950 1828 1993 Pastoria,

1116 1996 1284 2039 Pastum,
1311 1997 1346 2031 ὅ(
1383 1997 1465 2034 inde
1501 2000 1722 2037 efformatum
1760 2005 1829 2037 Pa-

1109 2046 1210 2090 floia.
1240 2049 1363 2095 Neque
1391 2048 1466 2084 vim
1496 2050 1593 2086 vocis
1629 2051 1827 2099 affequurus

1115 2096 1161 2132 est
1197 2097 1335 2133 Vossius
1370 2098 1453 2134 Lib.
1489 2111 1524 2146 3.
1560 2099 1650 2148 Cap.
1690 2114 1747 2150 33.
1785 2103 1827 2139 de

1116 2147 1229 2183 vitiis
1249 2149 1446 2188 Sermonis,
1467 2162 1574 2197 quum
1595 2150 1735 2187 scribit:
1761 2157 1827 2190 Pa-

1108 2197 1239 2241 storium
1263 2198 1394 2233 videtur
1417 2200 1472 2244 id,
1496 2201 1547 2235 cui
1568 2202 1740 2248 imponitur
1758 2204 1827 2248 soe-

1114 2262 1210 2291 num‚
1246 2250 1301 2284 vel
1339 2250 1433 2285 aliud
1466 2250 1608 2296 jumenti
1643 2251 1825 2300 pabulum,

1115 2298 1207 2347 quasi
1249 2299 1343 2336 dicat
1383 2302 1418 2335 la
1453 2303 1614 2347 Greppia‚
1653 2305 1823 2352 Praesepe.

1114 2351 1156 2385 In
1192 2350 1347 2398 Legibus
1391 2352 1632 2399 Bajoariorum
1675 2354 1752 2390 Tit.
1790 2368 1823 2393 z.

1113 2402 1200 2450 Cap.
1229 2401 1263 2438 6.
1290 2401 1476 2437 habemus:
1506 2403 1545 2437 Si
1580 2404 1650 2451 quis
1677 2405 1711 2439 in
1737 2420 1823 2440 exer-

1112 2452 1176 2486 citu
1194 2452 1320 2498 aliquid
1333 2452 1497 2499 furaverit
1510 2480 1519 2496 ,
1539 2454 1735 2499 Pastorium,
1756 2460 1821 2491 Ca-

1109 2502 1265 2547 pislmm,
1285 2504 1445 2546 frenum,
1466 2503 1533 2538 &a
1558 2505 1720 2540 Rotharis
1744 2508 1819 2544 Rex

1113 2552 1151 2588 in
1171 2554 1267 2600 Lege
1287 2564 1371 2599 303.
1391 2554 1723 2603 Langobardorum,
1744 2556 1817 2595 ait:

1175 2621 1344 2657 Mmm
1729 2624 1771 2671 Sa}
