2169 3047
214 221 261 249 12

149 222 292 300 aedani?
331 258 464 296 Gallici
503 261 715 306 Scriptores.
757 261 916 295 Lauren-

150 314 220 349 tius
250 310 454 352 Vernmfis,
482 309 550 345 sive
579 308 784 345 Veronensis
803 337 813 353 ,
854 310 916 358 qui

151 365 265 399 Anno
306 363 466 398 Mexv.
508 360 643 407 scripsit
692 359 847 396 Carmen
876 361 917 396 de

146 414 254 450 Bello
283 412 493 455 Bne—arico,
531 411 664 446 editum
704 412 824 446 Tomo
852 413 916 447 Vl.

151 466 230 500 Rer-
257 464 409 499 Italicar.
436 464 624 511 Hugonem
655 462 917 498 Vicecomitem

152 514 317 550 Pisanum
346 514 464 549 laudat
493 513 548 548 his
577 511 712 548 verbis:

200 619 254 652 At
281 616 351 650 vice
378 615 433 662 qui
460 614 594 650 Comitis
619 614 743 660 Pisana*
765 614 922 661 praefidet

531 198 897 243 DISSERTATIO
951 199 1407 246 VIGESIMANONA.·

1650 217 1731 259 130

960 265 995 299 A
1027 259 1182 308 undique
1209 259 1250 294 ad
1279 272 1357 295 eum
1401 258 1648 304 confluebant,
1686 271 1724 297 ut
1751 262 1789 298 in

312 668 416 709 Urbe,

202 721 321 764 Hugo,
362 716 499 750 militiae
535 716 586 749 cut'
617 714 769 762 praebent
790 715 922 762 singula
965 717 990 750 Β

303 768 450 804 laudem,

199 818 345 866 Agmine
381 818 435 864 qui
463 826 526 850 toto
559 816 665 850 vitam
687 815 837 860 servavit
862 816 917 849 ho—

307 868 442 910 nestam,

204 919 375 962 Hastarum
420 917 545 962 Ludis,
592 918 636 951 &⁶
675 917 809 960 cursibus
844 917 916 962 usus

306 984 320 1004 e
344 983 449 1003 uorum
466 995 476 1011 ,

203 1024 257 1057 A:
269 983 465 1068 ρνοΞοηεηάο
482 1019 623 1053 vincenti
633 1019 776 1066 praemia
791 1018 914 1064 cursus.

153 1124 380 1170 Quamquam
396 1120 479 1155 haec
496 1119 718 1168 interpretari
730 1118 912 1167 quisquam

153 1172 257 1220 poffit
277 1174 319 1207 de
339 1171 450 1208 Ludis
470 1170 514 1205 iis
538 1171 805 1209 tantummodo,
828 1184 914 1218 quos

153 1223 272 1265 Gostre
298 1223 535 1270 appellamus,
572 1220 610 1257 ἃ
639 1223 764 1269 quibus
793 1222 913 1256 {altem

154 1274 253 1309 vides
281 1272 471 1309 deleRatos
499 1271 596 1307 fuiffe
626 1274 733 1308 Italos
771 1274 828 1307 vel
856 1271 915 1307 sub

156 1323 302 1359 initium
332 1324 469 1359 Saeculi
497 1336 515 1358 a
543 1322 681 1358 Christo
709 1331 793 1358 nato
819 1325 914 1357 Duo—

157 1374 307 1409 decimi:
335 1383 489 1409 attamen
517 1386 585 1408 non
606 1373 787 1408 immerito
808 1373 914 1409 etiam

156 1425 338 1472 opineris,
375 1424 430 1469 agi
468 1423 546 1458 heic
582 1424 623 1458 de
657 1425 915 1463 Tomeummris,

158 1487 265 1520 quum
288 1473 386 1508 {imul
410 1474 596 1520 jungantur
617 1474 786 1514 Hastarum
809 1474 915 1516 Ludi,

158 1525 189 1558 8(
220 1522 414 1559 Curfitatio
441 1525 618 1568 Equorum.
647 1525 754 1558 Anno
778 1536 917 1570 quoque

158 1575 373 1610 MCLVIII.
416 1573 469 1608 uti
520 1572 710 1608 memoriae
762 1574 917 1618 prodidit

161 1624 356 1660 Radevicus
386 1623 465 1659 Lib.
496 1634 528 1658 2.
557 1625 644 1670 Cap.
689 1625 721 1659 8.
749 1623 791 1657 de
827 1622 916 1658 Gest.

160 1678 205 1710 Fr
223 1674 329 1709 derici
363 1673 494 1715 Primi,
522 1673 736 1717 Cremonenses
756 1674 917 1707 Placenti-

159 1738 265 1758 nomm
292 1724 442 1756 militiam
469 1724 513 1756 ad
551 1732 701 1756 certamen
727 1733 915 1766 provocave-

158 1785 230 1810 rant
246 1798 257 1813 ,
284 1773 366 1820 quod
392 1774 481 1806 moab
506 1772 626 1818 vulgus
659 1773 918 1807 Turneimemum

155 1834 298 1866 vocant,
294 1837 303 1845 ·
331 1822 433 1870 ibique
453 1822 524 1857 hinc
544 1824 618 1857 inde
638 1822 741 1869 aliqui
758 1823 916 1867 sauciati,

158 1875 218 1911 alii
244 1874 350 1920 capti,
378 1874 507 1921 quidam
533 1872 618 1914 occist
641 1873 734 1917 [unt.
772 1875 823 1909 At
851 1873 917 1909 fre-

159 1924 337 1975 quentiori
366 1924 402 1960 in
430 1923 490 1959 usu
530 1923 753 1971 subsequente
794 1926 917 1960 Seculo

160 1976 247 2025 apud
276 1975 385 2011 Italos
412 1973 581 2022 ejusmodi
622 1974 811 2010 certamina
853 1975 917 2010 effe

161 2035 377 2067 coeperunt
419 2025 596 2073 postquam
640 2027 749 2060 Anno
792 2027 918 2062 MCC-

163 2078 293 2112 LXVI.
332 2075 482 2112 Carolus
522 2075 729 2111 Provinciae
762 2078 918 2118 comes,

164 2126 304 2162 Siciliae
332 2140 370 2161 ac
392 2126 542 2172 Apuliae
573 2129 731 2175 Regnum
753 2127 913 2174 adeptus,

163 2175 322 2211 Gallicae
344 2176 494 2212 militiae
515 2190 625 2212 mores
645 2177 733 2226 apud
759 2178 917 2213 Italicam

163 2236 301 2283 gentem
325 2228 548 2275 propagavit.
575 2229 658 2263 Erat
678 2228 759 2263 huic
785 2228 919 2263 Princi—

161 2277 198 2325 pi
226 2275 434 2311 incredibile
460 2290 538 2325 erga
563 2278 713 2314 ludicras
739 2278 834 2315 hasce
859 2279 918 2314 de-

162 2327 373 2362 certationes
409 2326 585 2370 studium,
626 2341 664 2363 ac
707 2329 838 2364 summa
881 2329 918 2364 in

162 2378 213 2413 eis
242 2377 393 2425 peritia3
424 2386 527 2425 atque
552 2377 720 2426 ejusmodi
741 2378 919 2423 ,spefflacu-

166 2427 209 2463 lis
237 2426 436 2463 oblee‘iabat
465 2441 533 2462 non
564 2427 666 2463 corda
693 2431 829 2464 tantiam
869 2429 917 2465 sui

167 2478 320 2524 Populi,
349 2478 402 2513 sed
429 2476 468 2513 &
497 2477 710 2526 reliquorum
727 2506 736 2522 ‚
774 2479 921 2527 praeser-

167 2529 231 2564 tim
273 2528 447 2563 nobilium
484 2530 644 2564 Gallicae
680 2530 817 2578 gentis,
860 2530 921 2578 qui

266 2582 353 2613 Tom.
383 2580 436 2613 VI.

244 2636 260 2650 ⁹
285 2637 322 2668 In
344 2636 400 2669 hac
422 2636 508 2671 Edit.
532 2639 564 2670 in
586 2650 617 2671 ea
604 2640 670 2674 lee
691 2640 1143 2682 Tom.111.hujusceope:2

1027 311 1072 347 iis
1100 309 1212 346 Ludis
1241 309 1456 346 strenuitatis
1487 310 1563 346 suae
1595 312 1790 360 periculum

1028 361 1201 396 facerent.
1236 361 1349 396 Tanti
1378 361 1577 397 animorum
1607 376 1645 398 ac
1672 377 1789 400 armo-

1029 425 1104 448 rum
1147 420 1264 447 motus
1305 425 1376 459 quo
1417 425 1557 460 vergere
1599 414 1789 472 aliquando

1030 463 1183 511 possent,
1211 461 1324 498 secum
1363 463 1531 498 haefitans
1568 465 1676 500 tacite
1713 480 1790 515 per-

1030 513 1201 561 pendebat
1229 512 1433 549 Ludovicus
1470 514 1609 551 Galliae
1643 518 1717 552 Rex
1745 517 1791 553 il-

1030 565 1098 599 lius
1126 563 1258 607 frater,
1286 563 1324 600 in
1352 564 1558 601 sanaorum
1595 567 1705 613 postea
1735 581 1791 605 ca-

1030 624 1061 650 ta
1067 616 1186 662 logum
1224 591 1375 651 irilatus.
1416 617 1535 661 Quare
1571 617 1629 653 ubi
1674 618 1790 655 aEium

1030 665 1074 700 est
1101 668 1142 700 de
1170 665 1350 700 evocando
1376 665 1418 700 ad
1448 669 1606 716 Regnum
1630 670 1664 704 S
1670 671 1789 706 culum

1030 715 1186 755 Carolo,
1213 716 1418 752 Ludovicus
1445 730 1516 752 rem
1538 717 1633 754 suam
1657 720 1713 768 agi
1735 734 1790 756 ra-

1031 776 1106 808 tus,
1135 766 1172 801 in
1200 767 1272 814 ejus
1299 767 1552 804 exaltationem
1581 783 1652 805 non
1677 771 1790 807 solum

1032 817 1220 861 conlenfit,
1249 817 1302 853 ted
1330 820 1363 853 δ(
1387 831 1527 865 operam
1551 819 1642 855 suam
1665 822 1789 857 luben-

1033 867 1159 902 txffime
1187 868 1364 904 contulit.
1407 869 1614 905 Audiendus
1641 870 1686 905 est
1714 871 1791 907 heic

1034 919 1232 953 Ptolomeus
1262 917 1427 953 Lucenfis
1455 918 1492 953 in
1522 921 1693 957 Annalib.
1721 923 1790 956 Ec-

1033 968 1109 1003 cles.
1137 970 1243 1003 Tom.
1274 970 1334 1003 xi.
1365 970 1442 1004 Rer.
1474 970 1552 1004 Ital.
1577 972 1614 1005 In
1636 984 1695 1017 quo
1721 973 1793 1019 qui-

1030 1022 1099 1052 dem
1121 1019 1210 1062 fanto
1236 1019 1342 1062 aufuit
1363 1019 1461 1063 favor
1482 1021 1580 1067 Regis
1601 1024 1792 1057 Francorum

1032 1070 1151 1115 mptici
1168 1073 1206 1102 de
1225 1067 1325 1114 cauffa
1339 1096 1346 1108 .
1368 1079 1403 1102 ut
1422 1070 1526 1103 dich
1549 1075 1620 1105 Rex
1639 1073 1789 1119 aliquan-

1030 1125 1069 1153 do
1097 1122 1204 1152 retulit
1231 1121 1299 1154 Θε.
1337 1120 1447 1154 Tertia
1483 1120 1584 1167 cauffa
1611 1121 1679 1165 fuit
1707 1123 1792 1169 quies

965 1169 990 1199 ξι
1026 1173 1077 1214 sui
1106 1171 1235 1216 Regni,
1259 1177 1339 1216 quod
1364 1170 1571 1216 perturb-abae
1597 1174 1729 1207 Carolus
1755 1175 1790 1208 in

1031 1222 1285 1263 Tomeamemis,
1307 1220 1349 1258 ῥ’)
1372 1222 1469 1256 aliis.
1497 1222 1716 1258 Potissimum
1739 1238 1793 1260 era

1030 1285 1074 1319 go
1102 1271 1146 1306 iis
1172 1271 1388 1319 temporibus
1416 1272 1570 1307 lolennia
1592 1274 1789 1310 Hastiludia

1030 1322 1118 1369 apud
1149 1324 1214 1356 Ital
1219 1336 1282 1362 os,
1293 1324 1496 1378 praecipue
1533 1325 1620 1372 apud
1654 1326 1791 1361 Princi-

1032 1386 1108 1419 pes,
1138 1373 1301 1419 majori
1291 1373 1328 1407 in
1357 1372 1488 1408 honore
1515 1387 1554 1409 ac
1582 1374 1664 1418 usu,
1685 1377 1791 1423 quarn

1031 1434 1158 1466 antea,
1187 1424 1250 1458 effe
1278 1423 1425 1470 coepisse
1451 1423 1598 1471 opinor.
1639 1427 1788 1462 Proinde

1033 1475 1163 1508 Dantes
1191 1473 1396 1521 Alxgherius
1424 1473 1516 1519 Cap.
1545 1487 1601 1511 22.
1635 1475 1790 1521 Inferni,

1033 1524 1143 1558 veluti
1171 1537 1242 1559 rem
1273 1526 1452 1572 vulgarem
1490 1525 1636 1562 ineunte
1664 1529 1789 1563 Seculo

1033 1576 1130 1608 xlv,
1159 1573 1306 1609 scribit:

1235 1677 1268 1709 Ε
1295 1674 1369 1709 vidi
1391 1675 1446 1722 gir
1467 1676 1650 1722 gualdum,

1083 1724 1177 1758 Pem'r
1203 1726 1442 1765 Tomiamcmi,
1469 1740 1484 1760 e
1511 1739 1607 1761 correr
1633 1728 1778 1770 Gioftrae.

1032 1826 1132 1869 Quae
1168 1824 1272 1859 verba
1310 1826 1553 1862 Benevenutus
1589 1826 1791 1874 Imolenfis,

1032 1875 1181 1923 ejusdem
1220 1876 1333 1911 Seculi
1371 1877 1558 1923 scriptor,
1604 1877 1642 1913 in
1674 1878 1789 1915 Com-

1033 1935 1140 1960 ment.
1167 1938 1186 1959 a
1206 1938 1261 1961 me
1281 1925 1384 1961 editis
1408 1926 1426 1945 *
1449 1929 1555 1962 Tom.
1569 1929 1723 1975 praeced.
1740 1929 1791 1966 ita

1032 1976 1300 2024 interpretatur:
1324 1978 1515 2011 Gualdane:
1536 1978 1612 2021 idest
1638 1980 1790 2021 Mafinae-

1032 2037 1104 2065 tas,
1135 2026 1280 2073 brigatas
1307 2027 1340 2061 In
1366 2027 1452 2061 diHo
1478 2030 1616 2062 tumultu
1642 2031 1790 2067 Arretii.

1034 2077 1127 2112 Perir
1152 2078 1388 2113 Torniamemi.
1418 2078 1480 2112 Hic
1506 2078 1682 2123 confidem,
1709 2083 1791 2127 quod

1032 2128 1134 2174 aliqui
1156 2127 1332 2174 glorificare
1355 2129 1493 2163 volentes
1514 2129 1606 2174 suam
1629 2132 1789 2176 patriam,

1032 2179 1170 2212 dicunt:
1205 2180 1269 2221 Ista
1296 2180 1519 2214 Torniamemae
1553 2179 1601 2217 &⁴
1629 2181 1793 2227 Equssler-

1034 2229 1089 2263 nia
1113 2228 1200 2271 suffia
1221 2230 1298 2272 sunt
1323 2230 1453 2264 Arretii
1477 2241 1609 2275 tempore
1635 2232 1793 2267 Guidom's

1033 2281 1072 2312 de
1099 2280 1242 2314 Tarlatt‘s
1268 2282 1307 2314 de
1333 2281 1534 2319 Petramala,
1562 2281 1617 2328 qui
1650 2282 1705 2316 vir
1730 2297 1794 2318 va-

1035 2330 1219 2374 lentffimus
1240 2333 1369 2365 Terram
1398 2331 1487 2365 illam
1515 2333 1649 2366 maxime
1674 2334 1797 2369 exalta-

1035 2382 1088 2414 vit
1105 2403 1116 2419 ,
1143 2380 1190 2418 ὠ*
1218 2381 1385 2415 exornavit
1409 2381 1519 2425 vIrr's,
1546 2383 1698 2426 viribus,
1727 2397 1796 2418 mu-

1037 2431 1102 2469 ris
1123 2431 1168 2469 &⁴
1196 2431 1279 2464 omni
1299 2443 1382 2477 opere
1406 2432 1533 2479 pulcro,
1555 2432 1616 2478 sub
1633 2446 1692 2481 quo
1712 2434 1794 2467 mul-

1037 2481 1066 2514 ti
1091 2481 1160 2515 viri
1195 2481 1348 2516 militares
1384 2483 1560 2517 exercebant
1589 2484 1624 2528 se
1659 2484 1692 2518 in
1726 2483 1793 2525 istis

1039 2533 1125 2566 rebus
1154 2532 1291 2566 bellicis.
1321 2535 1384 2565 sed
1410 2533 1564 2579 quidquid
1589 2534 1736 2576 dicatur,
1763 2533 1795 2567 ι’·-

1146 2581 1161 2616 I
1666 2582 1742 2624 stud

1148 2641 1263 2673 sAint
1257 2653 1296 2682 q.
1320 2640 1378 2673 Me
1381 2641 1408 2674 d.
1431 2641 1541 2674 Acvi.
