2169 3047
419 224 502 271 639

765 213 807 255 Α
822 214 914 256 NJ
922 212 1139 270 ιρυιτ
1179 212 1394 257 MEDJJ
1428 212 1593 256 AEVI

403 274 491 319 sim.
531 273 580 309 La
586 271 654 309 tini
682 270 866 308 dixissent:
898 273 1050 319 Apposite
1076 276 1120 307 ad
1141 274 1202 309 ··A

410 338 478 359 eum
498 323 617 368 finem.
645 323 708 359 Sed
736 326 769 359 &
798 337 860 359 nos
887 324 979 359 idern
1002 323 1118 370 expri—

410 375 541 411 mimus
587 375 734 411 dicendo
761 401 770 409 .
818 378 888 410 Una
928 375 994 417 cosa
1030 374 1118 418 satta

408 427 559 473 Aposla
596 438 650 472 per
691 426 759 472 quel
794 425 887 469 fine.
925 427 1117 472 Propagata

409 477 535 513 deinde
563 490 634 511 vox
663 475 729 510 fuit
755 476 795 510 ad
824 477 892 511 alia
919 474 1115 524 significan-

410 528 452 563 da
482 541 539 575 per
567 526 785 574 analogiam.

357 582 548 625 Apparare.
580 576 670 611 Vide
698 575 786 610 infra
814 579 991 622 Imparare.

358 627 594 676 Appiattarfi:
622 627 819 670 Abscondere
840 627 899 670 se,
926 627 1037 660 Celare
1057 626 1114 670 se.

408 677 643 715 Castelvetrus
685 690 702 712 e
744 678 856 710 Platea
879 690 899 719 ;
940 677 1114 711 Ferrarius

408 730 452 765 ab
478 728 684 774 Adplicitare
720 726 837 762 frustra
877 727 941 761 hoc
970 727 1112 762 verbum

407 779 577 815 arcessunt
589 806 597 813 .
615 778 843 813 Vocabularii
856 776 1026 813 Cruscani
1038 779 1114 813 Au-

407 830 520 865 E'tores
547 828 745 864 haesitando
774 837 994 877 proponunt,
1031 841 1114 863 num

407 894 450 916 ex
489 879 682 929 Adjetffivo
721 881 857 918 Pium,
901 877 1114 927 significante

406 932 513 966 Piano
534 958 544 976 ,
586 930 750 966 emerslffe
793 931 970 977 potuerit,
1010 930 1117 976 ρενεόὲ

405 981 508 1023 cbif
476 981 710 1026 sinasconde,
737 981 917 1021 chitiandosi
942 979 967 1014 ,ς’
984 981 1113 1026 Appia-

408 1046 450 1067 na
491 1033 516 1066 il
556 1033 614 1079 piu
650 1031 694 1066 ch’
711 1032 774 1079 egli
808 1035 893 1075 pub.
933 1029 1115 1079 Ingeniosa

408 1082 453 1118 est
480 1082 701 1131 conjectura.
741 1084 824 1118 Non
852 1092 969 1116 tamen
998 1093 1113 1116 veram

409 1142 514 1180 puto.
552 1135 644 1168 Nam
675 1132 736 1179 qui
774 1131 806 1166 se
843 1133 980 1169 celant,
1021 1130 1115 1177 saepe

408 1183 516 1218 etiam
537 1182 624 1217 stant
645 1191 703 1217 aut
732 1180 872 1229 sedent3
902 1180 1039 1228 quoties
1068 1180 1116 1215 se-

409 1233 442 1268 se
479 1232 677 1276 inclinant,
708 1231 740 1273 st'
775 1232 1021 1270 rannicchiam,
1058 1245 1116 1265 non

408 1283 811 1330 s’appianano.1taque
848 1281 958 1316 adhuc
998 1281 1114 1328 inqui—

409 1334 552 1370 rendum
576 1342 680 1381 puto.
709 1334 820 1366 Exen
826 1332 874 1379 pli
900 1332 1011 1378 gratia
1033 1344 1115 1366 num

409 1398 452 1420 ex
474 1384 622 1427 patinis,
650 1396 733 1430 quas
756 1382 829 1415 Pina·
833 1382 860 1414 ti
879 1382 1117 1427 appellamus,

410 1447 518 1482 quum
559 1433 681 1469 Patina
718 1431 828 1478 superi
834 1430 979 1479 inpolita
1016 1430 1117 1465 alteri

409 1485 556 1520 Patinae
581 1511 590 1527 ‚
632 1481 799 1518 absconde
784 1491 854 1516 rte
895 1481 1010 1516 edulia
1033 1505 1043 1520 ,
1084 1482 1117 1516 &

407 1536 506 1582 saepe
543 1533 634 1569 hisce
675 1531 810 1568 Patinis
838 1531 1012 1579 coopertis
1049 1531 1118 1580 joci

409 1583 525 1621 caussa
552 1583 783 1619 convivantes
812 1582 1034 1617 fallerentur.
1064 1582 1118 1617 Est

407 1635 515 1672 eriam
545 1634 646 1669 nobis
676 1633 879 1669 adverbium
907 1634 943 1667 di
969 1634 1117 1679 Seppiat-

406 1697 466 1725 to,
503 1686 596 1721 Clam
633 1683 853 1733 significans:
894 1683 988 1731 quod
1025 1684 1117 1719 idem

407 1737 454 1773 est
490 1746 594 1784 atque
630 1740 718 1770 sotto
753 1739 891 1770 Ptatto.
928 1736 1004 1783 Ego
1041 1735 1118 1770 heic

408 1788 462 1823 nil
494 1787 582 1822 certi
609 1786 740 1822 habeo.

357 1838 561 1887 ’.Διορίεμανε
589 1838 802 1883 suspendere,
830 1840 973 1883 Iungere
1004 1836 1119 1876 smul.

412 1891 545 1926 Natam
583 1900 668 1922 voce
674 1900 706 1922 m
735 1900 754 1922 a
781 1886 915 1923 Latino
942 1886 1121 1933 Affigitare

413 1938 546 1976 censuit
575 1937 772 1974 Ferrarius.
802 1939 943 1986 Negat,
979 1936 1019 1973 &
1048 1951 1119 1972 me-

409 1990 482 2027 rito
511 1998 613 2038 negat
642 1988 854 2037 Menagius3
884 1987 946 2035 qui
974 1988 1015 2023 ab
1042 1992 1119 2032 Ap-

407 2042 563 2089 pingere,
591 2039 784 2085 Λρρὶ7ας,
812 2019 1016 2085 Ᾰρρὶέῖανε,
1042 2042 1119 2085 Λρ-

407 2093 547 2138 piecase,
584 2103 659 2125 eam
696 2089 820 2124 deinde
857 2088 1014 2125 arceffit.
1056 2090 1119 2125 Sed

410 2156 454 2178 ne
484 2141 540 2177 illi
569 2140 710 2188 quidem
740 2138 958 2186 adquiescas.
998 2142 1119 2184 Nam,

410 2200 452 2227 ut
489 2201 721 2237 praeteream,
758 2190 944 2236 Ampingere
981 2189 1074 2235 (sive
1101 2204 1118 2226 a

409 2243 539 2287 Pingo,
576 2240 644 2275 sive
671 2254 690 2275 a
718 2244 861 2285 Pangere
888 2240 1118 2285 compositum

411 2291 478 2339 fit)
507 2290 710 2338 neutiquam
747 2289 999 2337 significatione
1036 2305 1119 2327 con-

412 2355 533 2392 gruere
562 2355 640 2377 cum
671 2341 796 2377 Italico
824 2343 1023 2388 Appiccare:
1061 2356 1119 2378 ne-

413 2393 499 2429 ccss‘e
528 2393 572 2428 est
609 2392 685 2427 heic
722 2392 884 2440 effingere
922 2394 990 2428 toti
1028 2393 1119 2429 anti—

413 2444 545 2493 quitati
584 2443 745 2491 ignotum
783 2444 926 2478 verbum
955 2444 1119 2488 Appii&-

413 2507 464 2529 νε.
495 2494 601 2542 quue
637 2494 770 2530 etiamsi
799 2504 930 2530 veteres
967 2495 1120 2542 usurpas-

413 2545 488 2582 sent
505 2572 516 2591 ,
553 2546 678 2584 Italica
705 2546 846 2595 Lingua
874 2558 942 2581 non
979 2545 1017 2581 in
1045 2550 1121 2593 Ap-

1156 1194 1186 1229 C

1850 220 1935 257 660

1278 274 1418 319 picture,
1455 273 1510 308 sed
1546 273 1585 309 in
1611 273 1706 320 Apz
1708 284 1795 317 tare,
1832 284 1992 307 commu-

1280 325 1380 359 tasset
1405 351 1413 360 .
1459 324 1611 372 Triplex
1658 324 1747 359 mihi
1790 322 1994 370 conch'tura

1283 375 1436 411 occurrit
1464 376 1503 410 ad
1533 376 1620 411 hanc
1648 387 1770 410 vocem
1789 401 1798 418 ‚
1837 387 1924 421 quae
1961 373 1993 408 i-

1284 426 1361 461 dern
1386 425 1578 473 significat,
1606 435 1710 473 atque
1730 429 1832 461 ,Αέεα
1825 438 1924 468 care,
1953 423 1995 458 de

1283 489 1350 523 qua
1377 476 1487 511 infra.
1517 478 1593 511 Aut
1620 490 1701 524 ergo
1721 476 1897 522 Applicarc
1922 477 1993 510 La-

1283 528 1439 562 tinorum
1480 526 1682 561 conversum
1721 525 1789 561 fuit
1816 540 1833 561 a
1863 525 1993 560 Barba·

1285 576 1485 611 ro-Latinis
1524 576 1560 610 in
1588 577 1791 621 Appiccare.
1829 576 1920 611 Vide
1957 575 1994 610 in

1285 626 1465 661 Thesauro
1516 625 1681 671 Stephani
1725 624 1994 672 significationes

1286 676 1385 711 illius
1415 675 1511 711 verbi
1536 689 1605 710 non
1630 675 1802 711 discordes
1825 689 1841 711 a
1865 675 1995 710 nostro·

1286 727 1447 762 Secundo
1476 740 1493 761 a
1522 727 1595 760 Pice
1622 727 1844 761 efformatum
1874 724 1999 760 fortas-

1285 776 1317 812 se
1358 776 1425 811 fuit
1463 778 1606 811 verbum
1638 778 1841 823 Appiccare‚
1879 777 1918 811 ad
1956 775 1998 810 fi·-

1286 826 1523 876 gnificandum
1551 826 1748 873 Conjtmgere
1782 827 1910 873 aliquid
1941 827 1997 860 Pi-

1285 892 1332 912 ce.
1332 891 1340 899 ·
1367 891 1437 925 quo
1464 877 1558 912 sensu
1587 879 1694 912 etiarn
1723 887 1856 912 veteres
1885 878 1996 911 Picare

1286 928 1470 963 dixerunt.
1511 930 1634 975 Neque
1670 927 1765 963 enim
1794 927 1903 962 obstat
1931 926 1995 962 du-

1285 980 1366 1027 plex
1394 982 1431 1013 C.
1460 992 1565 1026 quum
1606 991 1676 1014 non
1704 991 1781 1014 raro
1819 977 1997 1012 Florenti-

1285 1029 1323 1064 ni
1365 1030 1484 1064 literas
1528 1029 1744 1075 duplicent,
1788 1027 1847 1063 ubi
1891 1040 1995 1063 unam

1285 1079 1411 1114 Latini
1439 1079 1667 1126 usurparunt,
1701 1079 1834 1127 aliique
1871 1079 1995 1115 Italiae

1287 1129 1414 1177 Populi
1443 1129 1553 1164 adhuc
1582 1129 1767 1177 usurpant.

1235 1229 1294 1264 Pot’
1318 1230 1345 1264 s’
1360 1230 1526 1276 appictum
1554 1243 1631 1266 come
1651 1230 1687 1266 di
1710 1230 1803 1266 calda
1829 1242 1897 1265 cera

1234 1280 1358 1327 Foffero
1379 1281 1459 1323 stati
1478 1307 1487 1316 .

1287 1382 1341 1415 Ita
1369 1381 1501 1416 Dantes
1525 1380 1654 1416 Infern.
1678 1384 1789 1416 XXV.
1811 1380 1916 1425 idest,
1944 1389 1997 1416 te-

1286 1429 1464 1466 naciffime
1485 1431 1666 1477 conjunffd
1690 1431 1766 1467 sunt
1788 1431 1887 1467 fimul
1902 1458 1911 1475 ,
1939 1431 1998 1466 ad-

1285 1480 1392 1516 haesit
1430 1482 1517 1517 alter
1555 1482 1681 1518 alteri.
1719 1482 1869 1529 Hispani
1906 1495 1994 1528 quo-

1285 1545 1352 1579 que
1375 1545 1392 1566 a
1413 1532 1485 1566 Pice
1505 1533 1730 1568 efformarunt
1752 1536 1873 1579 Pegar,
1901 1532 1995 1579 quod

1286 1582 1331 1617 cst
1358 1586 1549 1623 Attaccare,
1585 1585 1785 1629 Appia-care.
1824 1585 1869 1618 Er
1906 1582 1996 1629 apud

1287 1636 1443 1669 Fratrem
1472 1635 1685 1677 Jacononum
1715 1633 1970 1670 Tendertinum
1988 1661 1997 1677 ‚

1288 1684 1416 1719 Dantis
1444 1687 1622 1732 aequalem
1641 1713 1650 1727 ‚
1678 1685 1843 1720 habemus
1871 1685 1999 1730 Appie-

1287 1735 1367 1770 cim
1395 1749 1457 1781 pro
1484 1740 1673 1771 Attaccare.
1702 1734 1867 1780 Apizzar’
1879 1737 1904 1768 il
1927 1734 1999 1776 suo-

1287 1798 1338 1824 co‚
1367 1785 1576 1820 Mutinensis
1615 1784 1769 1820 Dialeffl
1788 1808 1797 1822 ,
1835 1783 1998 1818 idem-si-

1288 1834 1435 1883 gnificat
1475 1846 1579 1882 atque
1620 1839 1791 1870 Attaccare
1815 1860 1823 1869 .
1874 1834 1996 1870 Potuit

1288 1899 1359 1921 vox
1386 1884 1446 1920 ista
1474 1885 1651 1921 transferri
1680 1885 1722 1919 ad
1750 1883 1835 1919 alias
1864 1883 1997 1932 signifi-

1288 1936 1465 1975 cationes,
1493 1937 1545 1972 uti
1575 1936 1618 1971 est
1645 1937 1863 1981 Suspmdeoe,
1900 1936 1995 1982 quod

1288 1988 1321 2022 &
1351 1987 1513 2033 Impiccare
1540 1986 1713 2022 dicimus.
1751 1987 1872 2030 Quum
1901 1985 1998 2021 enim

1288 2037 1439 2073 dicimus
1474 2038 1673 2084 Appiccare,
1711 2038 1903 2082 Impiecure,
1936 2036 2000 2073 ,su-

1289 2088 1550 2137 bintelligimus
1575 2100 1630 2136 per
1655 2089 1689 2122 la
1713 2087 1814 2134 gola,
1856 2087 1904 2131 pe'
1930 2087 1998 2133 pie-

1288 2140 1324 2173 di
1359 2140 1427 2174 alla
1459 2140 1563 2184 furca.
1601 2141 1654 2174 Ita
1691 2138 1727 2174 in
1766 2137 1899 2173 Latino
1935 2140 1997 2172 su-

1284 2190 1432 2236 [pendere
1448 2189 1725 2237 subintelligitur
1742 2189 1896 2234 aliquid.
1911 2190 1998 2222 Ger-

1291 2240 1403 2276 manis
1430 2242 1599 2286 Anpichen
1637 2240 1680 2275 est
1708 2239 1998 2276 Actaocare‚'1m-

1287 2292 1452 2339 pegelare‚
1480 2305 1499 2327 a
1519 2293 1621 2331 Pech,
1649 2292 1742 2327 Pice.
1769 2292 1887 2334 Atque
1915 2286 1998 2322 hinc

1291 2341 1427 2378 fortaffe
1456 2353 1575 2378 natum
1605 2342 1772 2386 Impicct'o‚
1798 2338 1854 2372 seu
1872 2339 1999 2382 Impac-

1289 2393 1333 2428 cio
1362 2394 1548 2437 Italicum,
1577 2392 1628 2429 uti
1657 2393 1689 2426 δ(
1715 2389 1892 2425 Gallicum
1916 2391 1997 2423 Em—

1287 2444 1375 2488 pech:
1379 2458 1416 2488 ν,
1446 2457 1514 2479 non
1543 2453 1656 2478 autem
1685 2441 1726 2475 ab
1755 2440 1927 2485 Impedir'e,
1955 2448 1995 2474 ut

1290 2495 1517 2541 Spelmannus
1544 2492 1603 2526 fibi
1633 2488 1815 2537 persuasit.
1843 2489 1998 2537 Anglica

1289 2558 1428 2592 quoque
1454 2543 1594 2591 Lingua
1621 2540 1724 2580 habet
1744 2541 1836 2578 Pitcb
1858 2553 1922 2590 pro
1941 2541 2001 2575 Pi-

1899 2606 1951 2637 ce,
