<?xml version="1.0" encoding="UTF-8"?>
<!DOCTYPE html PUBLIC "-//W3C//DTD XHTML 1.0 Transitional//EN"
    "http://www.w3.org/TR/xhtml1/DTD/xhtml1-transitional.dtd">
<html xmlns="http://www.w3.org/1999/xhtml" xml:lang="en" lang="en">
 <head>
  <title>
</title>
<meta http-equiv="Content-Type" content="text/html;charset=utf-8" />
  <meta name='ocr-system' content='tesseract 3.04.00' />
  <meta name='ocr-capabilities' content='ocr_page ocr_carea ocr_par ocr_line ocrx_word'/>
</head>
<body>
  <div class='ocr_page' id='page_1' title='image "antiquitatesital06mura_0357.png"; bbox 0 0 2169 3047; ppageno 0'>
   <div class='ocr_carea' id='block_1_1' title="bbox 215 229 996 321">
    <p class='ocr_par' dir='ltr' id='par_1_1' title="bbox 215 229 996 321">
     <span class='ocr_line' id='line_1_1' title="bbox 215 229 996 321; baseline -0.008 -13"><span class='ocrx_word' id='word_1_1' title='bbox 215 229 337 321; x_wconf 50' lang='lat'>13:131,</span> <span class='ocrx_word' id='word_1_2' title='bbox 365 268 500 305; x_wconf 87' lang='lat' dir='ltr'>scilicet</span> <span class='ocrx_word' id='word_1_3' title='bbox 535 267 745 306; x_wconf 81' lang='lat' dir='ltr'>Baricoccolo‚</span> <span class='ocrx_word' id='word_1_4' title='bbox 782 265 819 302; x_wconf 75' lang='grc' dir='ltr'>ἀ</span> <span class='ocrx_word' id='word_1_5' title='bbox 846 272 921 303; x_wconf 85' lang='grc' dir='ltr'>Μο-</span> <span class='ocrx_word' id='word_1_6' title='bbox 964 273 996 306; x_wconf 92' lang='lat' dir='ltr'>A</span> 
     </span>
    </p>
   </div>
   <div class='ocr_carea' id='block_1_2' title="bbox 152 317 995 2622">
    <p class='ocr_par' dir='ltr' id='par_1_2' title="bbox 212 317 922 570">
     <span class='ocr_line' id='line_1_2' title="bbox 214 317 921 358; baseline 0.006 -7"><span class='ocrx_word' id='word_1_7' title='bbox 214 325 307 358; x_wconf 65' lang='lat' dir='ltr'>„iam</span> <span class='ocrx_word' id='word_1_8' title='bbox 357 322 398 355; x_wconf 84' lang='lat' dir='ltr'>ab</span> <span class='ocrx_word' id='word_1_9' title='bbox 450 317 676 354; x_wconf 74' lang='lat' dir='ltr'><em>Armeniacum</em></span> <span class='ocrx_word' id='word_1_10' title='bbox 700 343 709 352; x_wconf 93' lang='lat'>.</span> <span class='ocrx_word' id='word_1_11' title='bbox 760 319 921 355; x_wconf 84' lang='lat' dir='ltr'>senenses</span> 
     </span>
     <span class='ocr_line' id='line_1_3' title="bbox 214 366 919 421; baseline -0.018 -12"><span class='ocrx_word' id='word_1_12' title='bbox 214 384 354 421; x_wconf 87' lang='lat' dir='ltr'>quoque</span> <span class='ocrx_word' id='word_1_13' title='bbox 395 369 547 405; x_wconf 79' lang='lat' dir='ltr'>Barcoche</span> <span class='ocrx_word' id='word_1_14' title='bbox 583 366 621 402; x_wconf 72' lang='grc' dir='ltr'>ἃ</span> <span class='ocrx_word' id='word_1_15' title='bbox 660 368 828 402; x_wconf 77' lang='lat' dir='ltr'>Moniacbe</span> <span class='ocrx_word' id='word_1_16' title='bbox 869 370 919 405; x_wconf 76' lang='lat' dir='ltr'>di-</span> 
     </span>
     <span class='ocr_line' id='line_1_4' title="bbox 214 417 921 465; baseline -0.006 -6"><span class='ocrx_word' id='word_1_17' title='bbox 214 432 318 459; x_wconf 87' lang='lat' dir='ltr'>cunt.</span> <span class='ocrx_word' id='word_1_18' title='bbox 356 417 553 456; x_wconf 86' lang='lat' dir='ltr'>Florentini</span> <span class='ocrx_word' id='word_1_19' title='bbox 592 417 731 465; x_wconf 85' lang='lat' dir='ltr'>longius</span> <span class='ocrx_word' id='word_1_20' title='bbox 767 418 921 455; x_wconf 80' lang='lat' dir='ltr'>disceffe-</span> 
     </span>
     <span class='ocr_line' id='line_1_5' title="bbox 212 469 922 515; baseline 0 -10"><span class='ocrx_word' id='word_1_21' title='bbox 212 486 271 515; x_wconf 80' lang='lat' dir='ltr'>re,</span> <span class='ocrx_word' id='word_1_22' title='bbox 312 471 403 507; x_wconf 89' lang='lat' dir='ltr'>hunc</span> <span class='ocrx_word' id='word_1_23' title='bbox 447 469 599 505; x_wconf 60' lang='lat' dir='ltr'>frustum</span> <span class='ocrx_word' id='word_1_24' title='bbox 635 482 728 504; x_wconf 89' lang='lat' dir='ltr'>nunc</span> <span class='ocrx_word' id='word_1_25' title='bbox 764 471 922 505; x_wconf 83' lang='lat' dir='ltr'>Meliache</span> 
     </span>
     <span class='ocr_line' id='line_1_6' title="bbox 213 530 472 570; baseline 0 -13"><span class='ocrx_word' id='word_1_26' title='bbox 213 530 452 570; x_wconf 79' lang='lat' dir='ltr'>nuncupantes</span> <span class='ocrx_word' id='word_1_27' title='bbox 464 548 472 557; x_wconf 94' lang='lat'>.</span> 
     </span>
    </p>

    <p class='ocr_par' dir='ltr' id='par_1_3' title="bbox 164 571 995 2369">
     <span class='ocr_line' id='line_1_7' title="bbox 164 571 919 614; baseline -0.004 -5"><span class='ocrx_word' id='word_1_28' title='bbox 164 573 324 609; x_wconf 76' lang='lat' dir='ltr'>Berlina.</span> <span class='ocrx_word' id='word_1_29' title='bbox 367 571 503 608; x_wconf 73' lang='lat' dir='ltr'>Graecis</span> <span class='ocrx_word' id='word_1_30' title='bbox 532 577 640 614; x_wconf 72' lang='grc' dir='ltr'><em>Κύφων,</em></span> <span class='ocrx_word' id='word_1_31' title='bbox 672 571 812 607; x_wconf 82' lang='lat' dir='ltr'>Latinis</span> <span class='ocrx_word' id='word_1_32' title='bbox 848 575 919 608; x_wconf 88' lang='lat' dir='ltr'>Nu-</span> 
     </span>
     <span class='ocr_line' id='line_1_8' title="bbox 212 621 921 666; baseline 0 -8"><span class='ocrx_word' id='word_1_33' title='bbox 212 624 326 659; x_wconf 69' lang='lat' dir='ltr'>mella.</span> <span class='ocrx_word' id='word_1_34' title='bbox 354 621 520 662; x_wconf 82' lang='lat' dir='ltr'>Collare,</span> <span class='ocrx_word' id='word_1_35' title='bbox 550 623 604 658; x_wconf 89' lang='lat' dir='ltr'>seu</span> <span class='ocrx_word' id='word_1_36' title='bbox 632 622 921 666; x_wconf 76' lang='lat' dir='ltr'>instrumentum,</span> 
     </span>
     <span class='ocr_line' id='line_1_9' title="bbox 212 672 915 722; baseline -0.001 -13"><span class='ocrx_word' id='word_1_37' title='bbox 212 687 284 722; x_wconf 87' lang='lat' dir='ltr'>quo</span> <span class='ocrx_word' id='word_1_38' title='bbox 312 673 421 708; x_wconf 61' lang='lat' dir='ltr'>cinffli</span> <span class='ocrx_word' id='word_1_39' title='bbox 450 672 498 708; x_wconf 87' lang='lat' dir='ltr'>rei</span> <span class='ocrx_word' id='word_1_40' title='bbox 528 675 568 707; x_wconf 88' lang='lat' dir='ltr'>ad</span> <span class='ocrx_word' id='word_1_41' title='bbox 599 673 708 720; x_wconf 88' lang='lat' dir='ltr'>plebis</span> <span class='ocrx_word' id='word_1_42' title='bbox 733 673 837 708; x_wconf 90' lang='lat' dir='ltr'>risum</span> <span class='ocrx_word' id='word_1_43' title='bbox 860 687 915 708; x_wconf 88' lang='lat' dir='ltr'>ex·</span> 
     </span>
     <span class='ocr_line' id='line_1_10' title="bbox 212 723 995 773; baseline -0.003 -14"><span class='ocrx_word' id='word_1_44' title='bbox 212 724 453 773; x_wconf 88' lang='lat' dir='ltr'>ponebantur.</span> <span class='ocrx_word' id='word_1_45' title='bbox 483 725 599 758; x_wconf 87' lang='lat' dir='ltr'>Nemo</span> <span class='ocrx_word' id='word_1_46' title='bbox 627 723 814 758; x_wconf 83' lang='lat' dir='ltr'>subscribat</span> <span class='ocrx_word' id='word_1_47' title='bbox 843 726 914 759; x_wconf 88' lang='lat' dir='ltr'>Me-</span> <span class='ocrx_word' id='word_1_48' title='bbox 968 723 995 757; x_wconf 90' lang='lat' dir='ltr'>B</span> 
     </span>
     <span class='ocr_line' id='line_1_11' title="bbox 212 772 920 822; baseline -0.001 -12"><span class='ocrx_word' id='word_1_49' title='bbox 212 774 320 822; x_wconf 86' lang='lat' dir='ltr'>nagio</span> <span class='ocrx_word' id='word_1_50' title='bbox 364 773 540 808; x_wconf 89' lang='lat' dir='ltr'>derivanti</span> <span class='ocrx_word' id='word_1_51' title='bbox 582 772 670 807; x_wconf 87' lang='lat' dir='ltr'>hanc</span> <span class='ocrx_word' id='word_1_52' title='bbox 712 786 833 809; x_wconf 90' lang='lat' dir='ltr'>vocem</span> <span class='ocrx_word' id='word_1_53' title='bbox 879 775 920 809; x_wconf 87' lang='lat' dir='ltr'>ab</span> 
     </span>
     <span class='ocr_line' id='line_1_12' title="bbox 211 822 916 872; baseline 0.006 -16"><span class='ocrx_word' id='word_1_54' title='bbox 211 824 288 872; x_wconf 87' lang='lat' dir='ltr'>ipso</span> <span class='ocrx_word' id='word_1_55' title='bbox 323 824 475 859; x_wconf 77' lang='lat' dir='ltr'>Numella</span> <span class='ocrx_word' id='word_1_56' title='bbox 516 837 575 871; x_wconf 85' lang='lat' dir='ltr'>per</span> <span class='ocrx_word' id='word_1_57' title='bbox 612 822 851 866; x_wconf 70' lang='lat' dir='ltr'>gradationem</span> <span class='ocrx_word' id='word_1_58' title='bbox 890 825 916 860; x_wconf 93' lang='lat' dir='ltr'>i-</span> 
     </span>
     <span class='ocr_line' id='line_1_13' title="bbox 211 874 916 915; baseline -0.003 -5"><span class='ocrx_word' id='word_1_59' title='bbox 211 874 294 910; x_wconf 76' lang='lat' dir='ltr'>stam</span> <span class='ocrx_word' id='word_1_60' title='bbox 314 901 322 909; x_wconf 96' lang='lat'>.</span> <span class='ocrx_word' id='word_1_61' title='bbox 351 874 566 915; x_wconf 80' lang='lat' dir='ltr'>Numetlina,</span> <span class='ocrx_word' id='word_1_62' title='bbox 595 875 764 914; x_wconf 64' lang='lat' dir='ltr'>Matina,</span> <span class='ocrx_word' id='word_1_63' title='bbox 803 876 916 908; x_wconf 81' lang='lat' dir='ltr'>Merlr&#39;-</span> 
     </span>
     <span class='ocr_line' id='line_1_14' title="bbox 211 924 922 969; baseline 0 -9"><span class='ocrx_word' id='word_1_64' title='bbox 211 939 282 969; x_wconf 79' lang='lat' dir='ltr'>na,</span> <span class='ocrx_word' id='word_1_65' title='bbox 310 927 342 959; x_wconf 92' lang='lat' dir='ltr'><strong><em>B</em></strong></span> <span class='ocrx_word' id='word_1_66' title='bbox 360 925 464 959; x_wconf 72' lang='lat' dir='ltr'>dina.</span> <span class='ocrx_word' id='word_1_67' title='bbox 492 924 598 969; x_wconf 91' lang='lat' dir='ltr'>Quod</span> <span class='ocrx_word' id='word_1_68' title='bbox 627 925 778 964; x_wconf 85' lang='lat' dir='ltr'>mirere,</span> <span class='ocrx_word' id='word_1_69' title='bbox 807 924 922 960; x_wconf 84' lang='lat' dir='ltr'>subdit</span> 
     </span>
     <span class='ocr_line' id='line_1_15' title="bbox 211 973 919 1020; baseline 0.001 -10"><span class='ocrx_word' id='word_1_70' title='bbox 211 975 300 1011; x_wconf 81' lang='lat' dir='ltr'>ille:</span> <span class='ocrx_word' id='word_1_71' title='bbox 332 973 375 1009; x_wconf 81' lang='lat' dir='ltr'>E’</span> <span class='ocrx_word' id='word_1_72' title='bbox 402 976 608 1020; x_wconf 57' lang='lat' dir='ltr'>derivazione</span> <span class='ocrx_word' id='word_1_73' title='bbox 644 975 847 1010; x_wconf 67' lang='lat' dir='ltr'>indubitata.</span> <span class='ocrx_word' id='word_1_74' title='bbox 885 976 919 1011; x_wconf 84' lang='lat' dir='ltr'>Si</span> 
     </span>
     <span class='ocr_line' id='line_1_16' title="bbox 211 1025 921 1071; baseline 0 -11"><span class='ocrx_word' id='word_1_75' title='bbox 211 1025 280 1061; x_wconf 92' lang='lat' dir='ltr'>hoc</span> <span class='ocrx_word' id='word_1_76' title='bbox 317 1025 402 1061; x_wconf 87' lang='lat' dir='ltr'>licet</span> <span class='ocrx_word' id='word_1_77' title='bbox 424 1052 434 1069; x_wconf 91' lang='lat'>‚</span> <span class='ocrx_word' id='word_1_78' title='bbox 472 1026 712 1071; x_wconf 84' lang='lat' dir='ltr'>undecumque</span> <span class='ocrx_word' id='word_1_79' title='bbox 750 1025 921 1066; x_wconf 87' lang='lat' dir='ltr'>velimus,</span> 
     </span>
     <span class='ocr_line' id='line_1_17' title="bbox 212 1075 916 1112; baseline -0.001 -1"><span class='ocrx_word' id='word_1_80' title='bbox 212 1075 343 1112; x_wconf 87' lang='lat' dir='ltr'>nostras</span> <span class='ocrx_word' id='word_1_81' title='bbox 372 1089 473 1110; x_wconf 86' lang='lat' dir='ltr'>voces</span> <span class='ocrx_word' id='word_1_82' title='bbox 501 1075 759 1111; x_wconf 87' lang='lat' dir='ltr'>derivabirnus.</span> <span class='ocrx_word' id='word_1_83' title='bbox 801 1078 916 1110; x_wconf 82' lang='lat' dir='ltr'>Ferra-</span> 
     </span>
     <span class='ocr_line' id='line_1_18' title="bbox 209 1124 921 1162; baseline -0.004 -1"><span class='ocrx_word' id='word_1_84' title='bbox 209 1127 282 1161; x_wconf 88' lang='lat' dir='ltr'>rius</span> <span class='ocrx_word' id='word_1_85' title='bbox 312 1126 519 1160; x_wconf 89' lang='lat' dir='ltr'>vocabulum</span> <span class='ocrx_word' id='word_1_86' title='bbox 559 1128 713 1162; x_wconf 78' lang='lat' dir='ltr'>Vermne,</span> <span class='ocrx_word' id='word_1_87' title='bbox 749 1124 832 1159; x_wconf 82' lang='lat' dir='ltr'>idest</span> <span class='ocrx_word' id='word_1_88' title='bbox 859 1129 921 1158; x_wconf 85' lang='lat' dir='ltr'>Po-</span> 
     </span>
     <span class='ocr_line' id='line_1_19' title="bbox 209 1176 989 1221; baseline -0.004 -11"><span class='ocrx_word' id='word_1_89' title='bbox 209 1176 354 1214; x_wconf 78' lang='lat' dir='ltr'>diolum,</span> <span class='ocrx_word' id='word_1_90' title='bbox 383 1176 589 1209; x_wconf 64' lang='lat' dir='ltr'>Maeuianum</span> <span class='ocrx_word' id='word_1_91' title='bbox 619 1187 823 1221; x_wconf 79' lang='lat' dir='ltr'>exponens,</span> <span class='ocrx_word' id='word_1_92' title='bbox 861 1188 918 1210; x_wconf 84' lang='lat' dir='ltr'>au—</span> <span class='ocrx_word' id='word_1_93' title='bbox 962 1180 989 1207; x_wconf 71' lang='grc' dir='ltr'>Γ</span> 
     </span>
     <span class='ocr_line' id='line_1_20' title="bbox 207 1224 918 1273; baseline -0.003 -12"><span class='ocrx_word' id='word_1_94' title='bbox 207 1224 285 1261; x_wconf 61' lang='lat' dir='ltr'>&amp;or</span> <span class='ocrx_word' id='word_1_95' title='bbox 312 1224 378 1268; x_wconf 85' lang='lat' dir='ltr'>est,</span> <span class='ocrx_word' id='word_1_96' title='bbox 407 1225 574 1273; x_wconf 87' lang='lat' dir='ltr'>appellari</span> <span class='ocrx_word' id='word_1_97' title='bbox 602 1225 635 1259; x_wconf 90' lang='lat' dir='ltr'>la</span> <span class='ocrx_word' id='word_1_98' title='bbox 665 1228 744 1260; x_wconf 84' lang='lat' dir='ltr'>Vera</span> <span class='ocrx_word' id='word_1_99' title='bbox 764 1226 815 1259; x_wconf 78' lang='lat' dir='ltr'>del</span> <span class='ocrx_word' id='word_1_100' title='bbox 838 1228 918 1269; x_wconf 62' lang='lat' dir='ltr'>Poz—</span> 
     </span>
     <span class='ocr_line' id='line_1_21' title="bbox 208 1274 921 1323; baseline 0.003 -14"><span class='ocrx_word' id='word_1_101' title='bbox 208 1289 268 1321; x_wconf 60' lang='grc' dir='ltr'>ζα,</span> <span class='ocrx_word' id='word_1_102' title='bbox 297 1288 383 1323; x_wconf 85' lang='lat' dir='ltr'>quae</span> <span class='ocrx_word' id='word_1_103' title='bbox 411 1289 429 1310; x_wconf 88' lang='lat' dir='ltr'>a</span> <span class='ocrx_word' id='word_1_104' title='bbox 457 1274 715 1311; x_wconf 76' lang='lat' dir='ltr'>Mutinensibus</span> <span class='ocrx_word' id='word_1_105' title='bbox 752 1276 785 1310; x_wconf 87' lang='lat' dir='ltr'>la</span> <span class='ocrx_word' id='word_1_106' title='bbox 823 1278 921 1311; x_wconf 75' lang='lat' dir='ltr'>Delta</span> 
     </span>
     <span class='ocr_line' id='line_1_22' title="bbox 208 1325 918 1372; baseline 0.001 -12"><span class='ocrx_word' id='word_1_107' title='bbox 208 1327 261 1360; x_wconf 78' lang='lat' dir='ltr'>del</span> <span class='ocrx_word' id='word_1_108' title='bbox 288 1330 395 1370; x_wconf 60' lang='lat' dir='ltr'>Pozzo</span> <span class='ocrx_word' id='word_1_109' title='bbox 420 1336 659 1372; x_wconf 82' lang='lat' dir='ltr'>nuncupatur.</span> <span class='ocrx_word' id='word_1_110' title='bbox 688 1325 767 1372; x_wconf 85' lang='lat' dir='ltr'>quia</span> <span class='ocrx_word' id='word_1_111' title='bbox 798 1338 918 1372; x_wconf 86' lang='lat' dir='ltr'>puteo-</span> 
     </span>
     <span class='ocr_line' id='line_1_23' title="bbox 210 1375 910 1423; baseline 0 -12"><span class='ocrx_word' id='word_1_112' title='bbox 210 1388 288 1411; x_wconf 86' lang='lat' dir='ltr'>rum</span> <span class='ocrx_word' id='word_1_113' title='bbox 318 1375 452 1423; x_wconf 86' lang='lat' dir='ltr'>septum</span> <span class='ocrx_word' id='word_1_114' title='bbox 483 1375 578 1421; x_wconf 86' lang='lat' dir='ltr'>supra</span> <span class='ocrx_word' id='word_1_115' title='bbox 609 1384 734 1409; x_wconf 87' lang='lat' dir='ltr'>terram</span> <span class='ocrx_word' id='word_1_116' title='bbox 765 1376 804 1409; x_wconf 88' lang='lat' dir='ltr'>ad</span> <span class='ocrx_word' id='word_1_117' title='bbox 838 1376 910 1411; x_wconf 89' lang='lat' dir='ltr'>imi</span> 
     </span>
     <span class='ocr_line' id='line_1_24' title="bbox 209 1424 917 1461; baseline 0.001 -1"><span class='ocrx_word' id='word_1_118' title='bbox 209 1425 383 1460; x_wconf 83' lang='lat' dir='ltr'>tationem</span> <span class='ocrx_word' id='word_1_119' title='bbox 418 1426 519 1458; x_wconf 76' lang='lat' dir='ltr'>Delta</span> <span class='ocrx_word' id='word_1_120' title='bbox 547 1424 672 1459; x_wconf 79' lang='lat' dir='ltr'>Graeci</span> <span class='ocrx_word' id='word_1_121' title='bbox 702 1425 788 1460; x_wconf 89' lang='lat' dir='ltr'>olim</span> <span class='ocrx_word' id='word_1_122' title='bbox 819 1425 917 1461; x_wconf 85' lang='lat' dir='ltr'>effor-</span> 
     </span>
     <span class='ocr_line' id='line_1_25' title="bbox 210 1475 919 1518; baseline 0.001 -8"><span class='ocrx_word' id='word_1_123' title='bbox 210 1476 390 1511; x_wconf 88' lang='lat' dir='ltr'>mabatur.</span> <span class='ocrx_word' id='word_1_124' title='bbox 431 1477 552 1518; x_wconf 88' lang='lat' dir='ltr'>Iraque</span> <span class='ocrx_word' id='word_1_125' title='bbox 582 1475 633 1509; x_wconf 87' lang='lat' dir='ltr'>ait</span> <span class='ocrx_word' id='word_1_126' title='bbox 661 1475 864 1518; x_wconf 77' lang='lat' dir='ltr'>Ferrarius,</span> <span class='ocrx_word' id='word_1_127' title='bbox 902 1490 919 1511; x_wconf 88' lang='lat' dir='ltr'>a</span> 
     </span>
     <span class='ocr_line' id='line_1_26' title="bbox 213 1525 919 1568; baseline 0 -8"><span class='ocrx_word' id='word_1_128' title='bbox 213 1528 293 1560; x_wconf 79' lang='lat' dir='ltr'>Vera</span> <span class='ocrx_word' id='word_1_129' title='bbox 311 1554 319 1568; x_wconf 76' lang='grc'>,</span> <span class='ocrx_word' id='word_1_130' title='bbox 349 1526 489 1565; x_wconf 63' lang='lat' dir='ltr'>Verula,</span> <span class='ocrx_word' id='word_1_131' title='bbox 520 1525 695 1565; x_wconf 63' lang='lat' dir='ltr'>Vermina,</span> <span class='ocrx_word' id='word_1_132' title='bbox 724 1527 858 1560; x_wconf 82' lang='lat' dir='ltr'>Berlina</span> <span class='ocrx_word' id='word_1_133' title='bbox 885 1540 919 1561; x_wconf 91' lang='lat' dir='ltr'>e-</span> 
     </span>
     <span class='ocr_line' id='line_1_27' title="bbox 210 1575 918 1623; baseline 0 -12"><span class='ocrx_word' id='word_1_134' title='bbox 210 1576 356 1611; x_wconf 82' lang='lat' dir='ltr'>mersit.</span> <span class='ocrx_word' id='word_1_135' title='bbox 396 1578 450 1611; x_wconf 85' lang='lat' dir='ltr'>Ne</span> <span class='ocrx_word' id='word_1_136' title='bbox 487 1576 553 1610; x_wconf 85' lang='lat' dir='ltr'>hoc</span> <span class='ocrx_word' id='word_1_137' title='bbox 592 1575 733 1622; x_wconf 90' lang='lat' dir='ltr'>quidem</span> <span class='ocrx_word' id='word_1_138' title='bbox 772 1577 918 1623; x_wconf 85' lang='lat' dir='ltr'>probes.</span> 
     </span>
     <span class='ocr_line' id='line_1_28' title="bbox 211 1625 992 1673; baseline -0.006 -10"><span class='ocrx_word' id='word_1_139' title='bbox 211 1628 337 1673; x_wconf 88' lang='lat' dir='ltr'>Neque</span> <span class='ocrx_word' id='word_1_140' title='bbox 374 1627 470 1662; x_wconf 89' lang='lat' dir='ltr'>enim</span> <span class='ocrx_word' id='word_1_141' title='bbox 508 1635 641 1661; x_wconf 87' lang='lat' dir='ltr'>certum</span> <span class='ocrx_word' id='word_1_142' title='bbox 681 1625 748 1670; x_wconf 85' lang='lat' dir='ltr'>est,</span> <span class='ocrx_word' id='word_1_143' title='bbox 786 1628 920 1660; x_wconf 75' lang='lat' dir='ltr'>Berlina</span> <span class='ocrx_word' id='word_1_144' title='bbox 964 1626 992 1657; x_wconf 90' lang='lat' dir='ltr'>D</span> 
     </span>
     <span class='ocr_line' id='line_1_29' title="bbox 209 1676 918 1724; baseline 0 -12"><span class='ocrx_word' id='word_1_145' title='bbox 209 1676 403 1724; x_wconf 74' lang='lat' dir='ltr'>fignificat-e</span> <span class='ocrx_word' id='word_1_146' title='bbox 432 1679 571 1712; x_wconf 88' lang='lat' dir='ltr'>locum.</span> <span class='ocrx_word' id='word_1_147' title='bbox 602 1676 638 1711; x_wconf 90' lang='lat' dir='ltr'>in</span> <span class='ocrx_word' id='word_1_148' title='bbox 667 1689 737 1724; x_wconf 90' lang='lat' dir='ltr'>quo</span> <span class='ocrx_word' id='word_1_149' title='bbox 765 1676 918 1718; x_wconf 79' lang='lat' dir='ltr'>improbi</span> 
     </span>
     <span class='ocr_line' id='line_1_30' title="bbox 208 1726 917 1775; baseline -0.001 -13"><span class='ocrx_word' id='word_1_150' title='bbox 208 1728 378 1775; x_wconf 89' lang='lat' dir='ltr'>puniendi</span> <span class='ocrx_word' id='word_1_151' title='bbox 408 1727 695 1767; x_wconf 81' lang='lat' dir='ltr'>exponebantur.</span> <span class='ocrx_word' id='word_1_152' title='bbox 733 1729 778 1761; x_wconf 83' lang='lat' dir='ltr'>Et</span> <span class='ocrx_word' id='word_1_153' title='bbox 815 1726 917 1773; x_wconf 38' lang='lat' dir='ltr'>siqui*</span> 
     </span>
     <span class='ocr_line' id='line_1_31' title="bbox 208 1776 918 1826; baseline -0.001 -14"><span class='ocrx_word' id='word_1_154' title='bbox 208 1778 286 1812; x_wconf 89' lang='lat' dir='ltr'>dem</span> <span class='ocrx_word' id='word_1_155' title='bbox 310 1779 407 1813; x_wconf 89' lang='lat' dir='ltr'>locus</span> <span class='ocrx_word' id='word_1_156' title='bbox 429 1776 562 1826; x_wconf 79' lang='lat' dir='ltr'>origini</span> <span class='ocrx_word' id='word_1_157' title='bbox 585 1777 665 1812; x_wconf 89' lang='lat' dir='ltr'>huic</span> <span class='ocrx_word' id='word_1_158' title='bbox 696 1776 831 1812; x_wconf 66' lang='lat' dir='ltr'>futurus</span> <span class='ocrx_word' id='word_1_159' title='bbox 852 1777 918 1820; x_wconf 84' lang='lat' dir='ltr'>est,</span> 
     </span>
     <span class='ocr_line' id='line_1_32' title="bbox 210 1826 912 1874; baseline -0.003 -11"><span class='ocrx_word' id='word_1_160' title='bbox 210 1828 417 1863; x_wconf 84' lang='lat' dir='ltr'>contendere</span> <span class='ocrx_word' id='word_1_161' title='bbox 444 1829 476 1863; x_wconf 78' lang='grc' dir='ltr'>ἃ</span> <span class='ocrx_word' id='word_1_162' title='bbox 516 1840 577 1862; x_wconf 83' lang='lat' dir='ltr'>nos</span> <span class='ocrx_word' id='word_1_163' title='bbox 614 1826 784 1874; x_wconf 79' lang='lat' dir='ltr'>possemus</span> <span class='ocrx_word' id='word_1_164' title='bbox 812 1840 829 1862; x_wconf 86' lang='lat' dir='ltr'>a</span> <span class='ocrx_word' id='word_1_165' title='bbox 860 1831 912 1861; x_wconf 84' lang='lat' dir='ltr'>Ve-</span> 
     </span>
     <span class='ocr_line' id='line_1_33' title="bbox 209 1877 918 1925; baseline 0.001 -12"><span class='ocrx_word' id='word_1_166' title='bbox 209 1891 267 1918; x_wconf 75' lang='lat' dir='ltr'>ra.</span> <span class='ocrx_word' id='word_1_167' title='bbox 295 1878 362 1914; x_wconf 81' lang='lat' dir='ltr'>sive</span> <span class='ocrx_word' id='word_1_168' title='bbox 392 1881 507 1919; x_wconf 70' lang='lat' dir='ltr'>Vena,</span> <span class='ocrx_word' id='word_1_169' title='bbox 545 1891 633 1925; x_wconf 87' lang='lat' dir='ltr'>quae</span> <span class='ocrx_word' id='word_1_170' title='bbox 661 1877 918 1914; x_wconf 76' lang='lat' dir='ltr'>Mutinensibus</span> 
     </span>
     <span class='ocr_line' id='line_1_34' title="bbox 207 1928 914 1969; baseline 0 -5"><span class='ocrx_word' id='word_1_171' title='bbox 207 1930 364 1964; x_wconf 73' lang='lat' dir='ltr'>erculum</span> <span class='ocrx_word' id='word_1_172' title='bbox 395 1930 543 1969; x_wconf 73' lang='lat' dir='ltr'>ferreum,</span> <span class='ocrx_word' id='word_1_173' title='bbox 582 1928 635 1963; x_wconf 92' lang='lat' dir='ltr'>seu</span> <span class='ocrx_word' id='word_1_174' title='bbox 674 1929 816 1963; x_wconf 78' lang='lat' dir='ltr'>alterius</span> <span class='ocrx_word' id='word_1_175' title='bbox 846 1943 914 1964; x_wconf 87' lang='lat' dir='ltr'>me-</span> 
     </span>
     <span class='ocr_line' id='line_1_35' title="bbox 209 1978 915 2024; baseline 0 -10"><span class='ocrx_word' id='word_1_176' title='bbox 209 1981 287 2014; x_wconf 86' lang='lat' dir='ltr'>talli</span> <span class='ocrx_word' id='word_1_177' title='bbox 313 1979 504 2024; x_wconf 65' lang='lat' dir='ltr'>fignificat,</span> <span class='ocrx_word' id='word_1_178' title='bbox 533 1978 758 2014; x_wconf 81' lang='lat' dir='ltr'>verifimilius</span> <span class='ocrx_word' id='word_1_179' title='bbox 779 1979 915 2014; x_wconf 83' lang='lat' dir='ltr'>descen-</span> 
     </span>
     <span class='ocr_line' id='line_1_36' title="bbox 207 2029 915 2069; baseline 0.003 -5"><span class='ocrx_word' id='word_1_180' title='bbox 207 2029 287 2064; x_wconf 86' lang='lat' dir='ltr'>dere</span> <span class='ocrx_word' id='word_1_181' title='bbox 326 2031 475 2069; x_wconf 83' lang='lat' dir='ltr'>Verlina,</span> <span class='ocrx_word' id='word_1_182' title='bbox 513 2030 677 2065; x_wconf 76' lang='lat' dir='ltr'>Berlina.</span> <span class='ocrx_word' id='word_1_183' title='bbox 719 2029 782 2064; x_wconf 85' lang='lat' dir='ltr'>Sed</span> <span class='ocrx_word' id='word_1_184' title='bbox 826 2030 915 2066; x_wconf 89' lang='lat' dir='ltr'>mihi</span> 
     </span>
     <span class='ocr_line' id='line_1_37' title="bbox 207 2079 913 2116; baseline 0 0"><span class='ocrx_word' id='word_1_185' title='bbox 207 2093 259 2116; x_wconf 84' lang='lat' dir='ltr'>res</span> <span class='ocrx_word' id='word_1_186' title='bbox 298 2080 406 2115; x_wconf 86' lang='lat' dir='ltr'>adhuc</span> <span class='ocrx_word' id='word_1_187' title='bbox 442 2081 479 2115; x_wconf 86' lang='lat' dir='ltr'>in</span> <span class='ocrx_word' id='word_1_188' title='bbox 515 2079 681 2116; x_wconf 86' lang='lat' dir='ltr'>obscuro.</span> <span class='ocrx_word' id='word_1_189' title='bbox 719 2081 844 2116; x_wconf 86' lang='lat' dir='ltr'>Franci</span> <span class='ocrx_word' id='word_1_190' title='bbox 882 2083 913 2116; x_wconf 74' lang='lat'>8&lt;</span> 
     </span>
     <span class='ocr_line' id='line_1_38' title="bbox 206 2130 914 2179; baseline 0 -13"><span class='ocrx_word' id='word_1_191' title='bbox 206 2131 319 2178; x_wconf 84' lang='lat' dir='ltr'>Angli</span> <span class='ocrx_word' id='word_1_192' title='bbox 353 2130 519 2178; x_wconf 76' lang='lat' dir='ltr'>ejusmodi</span> <span class='ocrx_word' id='word_1_193' title='bbox 560 2144 705 2179; x_wconf 88' lang='lat' dir='ltr'>poenam</span> <span class='ocrx_word' id='word_1_194' title='bbox 737 2132 914 2179; x_wconf 80' lang='lat' dir='ltr'>appellant</span> 
     </span>
     <span class='ocr_line' id='line_1_39' title="bbox 206 2182 913 2222; baseline 0 -6"><span class='ocrx_word' id='word_1_195' title='bbox 206 2183 330 2222; x_wconf 71' lang='lat' dir='ltr'>leori,</span> <span class='ocrx_word' id='word_1_196' title='bbox 359 2182 412 2216; x_wconf 84' lang='lat' dir='ltr'>seu</span> <span class='ocrx_word' id='word_1_197' title='bbox 441 2183 596 2217; x_wconf 73' lang='lat' dir='ltr'>Pilloris.</span> <span class='ocrx_word' id='word_1_198' title='bbox 626 2184 720 2217; x_wconf 90' lang='lat' dir='ltr'>Num</span> <span class='ocrx_word' id='word_1_199' title='bbox 751 2195 768 2216; x_wconf 87' lang='lat' dir='ltr'>a</span> <span class='ocrx_word' id='word_1_200' title='bbox 796 2183 913 2216; x_wconf 76' lang='lat' dir='ltr'>Pilori-</span> 
     </span>
     <span class='ocr_line' id='line_1_40' title="bbox 205 2233 913 2281; baseline 0.006 -17"><span class='ocrx_word' id='word_1_201' title='bbox 205 2245 274 2275; x_wconf 82' lang='lat' dir='ltr'>na,</span> <span class='ocrx_word' id='word_1_202' title='bbox 320 2233 445 2267; x_wconf 75' lang='lat' dir='ltr'>Pirlina</span> <span class='ocrx_word' id='word_1_203' title='bbox 480 2233 615 2267; x_wconf 74' lang='lat' dir='ltr'>Berlina</span> <span class='ocrx_word' id='word_1_204' title='bbox 657 2233 808 2268; x_wconf 79' lang='lat' dir='ltr'>derivari</span> <span class='ocrx_word' id='word_1_205' title='bbox 852 2247 913 2281; x_wconf 88' lang='lat' dir='ltr'>po-</span> 
     </span>
     <span class='ocr_line' id='line_1_41' title="bbox 206 2281 911 2331; baseline 0.003 -14"><span class='ocrx_word' id='word_1_206' title='bbox 206 2282 277 2317; x_wconf 80' lang='lat' dir='ltr'>tuit</span> <span class='ocrx_word' id='word_1_207' title='bbox 307 2281 319 2317; x_wconf 82' lang='lat'>?</span> <span class='ocrx_word' id='word_1_208' title='bbox 376 2286 415 2317; x_wconf 90' lang='grc' dir='ltr'>Β.</span> <span class='ocrx_word' id='word_1_209' title='bbox 464 2281 602 2330; x_wconf 85' lang='lat' dir='ltr'>preffius</span> <span class='ocrx_word' id='word_1_210' title='bbox 644 2283 911 2331; x_wconf 86' lang='lat' dir='ltr'>pronuntiatum</span> 
     </span>
     <span class='ocr_line' id='line_1_42' title="bbox 206 2333 608 2369; baseline -0.002 -1"><span class='ocrx_word' id='word_1_211' title='bbox 206 2334 392 2369; x_wconf 84' lang='lat' dir='ltr'>Germanis</span> <span class='ocrx_word' id='word_1_212' title='bbox 421 2333 539 2369; x_wconf 83' lang='lat' dir='ltr'>evadit</span> <span class='ocrx_word' id='word_1_213' title='bbox 570 2337 608 2368; x_wconf 89' lang='lat' dir='ltr'>P.</span> 
     </span>
    </p>

    <p class='ocr_par' dir='ltr' id='par_1_4' title="bbox 152 2383 912 2587">
     <span class='ocr_line' id='line_1_43' title="bbox 152 2383 911 2432; baseline 0.005 -16"><span class='ocrx_word' id='word_1_214' title='bbox 152 2384 397 2428; x_wconf 75' lang='lat' dir='ltr'>Berlingaccio.</span> <span class='ocrx_word' id='word_1_215' title='bbox 435 2386 487 2419; x_wconf 87' lang='lat' dir='ltr'>Ita</span> <span class='ocrx_word' id='word_1_216' title='bbox 525 2383 730 2432; x_wconf 84' lang='lat' dir='ltr'>postremum</span> <span class='ocrx_word' id='word_1_217' title='bbox 759 2385 911 2420; x_wconf 85' lang='lat' dir='ltr'>Baccha-</span> 
     </span>
     <span class='ocr_line' id='line_1_44' title="bbox 207 2435 907 2481; baseline 0.001 -11"><span class='ocrx_word' id='word_1_218' title='bbox 207 2436 382 2470; x_wconf 80' lang='lat' dir='ltr'>naliorum</span> <span class='ocrx_word' id='word_1_219' title='bbox 427 2435 518 2470; x_wconf 89' lang='lat' dir='ltr'>diem</span> <span class='ocrx_word' id='word_1_220' title='bbox 561 2435 782 2481; x_wconf 80' lang='lat' dir='ltr'>appellabant</span> <span class='ocrx_word' id='word_1_221' title='bbox 830 2437 907 2471; x_wconf 87' lang='lat' dir='ltr'>Flo-</span> 
     </span>
     <span class='ocr_line' id='line_1_45' title="bbox 207 2485 912 2530; baseline 0.001 -10"><span class='ocrx_word' id='word_1_222' title='bbox 207 2488 366 2521; x_wconf 82' lang='lat' dir='ltr'>rentini.</span> <span class='ocrx_word' id='word_1_223' title='bbox 405 2487 436 2519; x_wconf 90' lang='lat' dir='ltr'>A</span> <span class='ocrx_word' id='word_1_224' title='bbox 477 2487 662 2530; x_wconf 74' lang='lat' dir='ltr'>Berlingare</span> <span class='ocrx_word' id='word_1_225' title='bbox 698 2486 810 2521; x_wconf 80' lang='lat' dir='ltr'>traxit</span> <span class='ocrx_word' id='word_1_226' title='bbox 846 2485 912 2522; x_wconf 90' lang='lat' dir='ltr'>hoc</span> 
     </span>
     <span class='ocr_line' id='line_1_46' title="bbox 206 2536 911 2587; baseline 0.001 -16"><span class='ocrx_word' id='word_1_227' title='bbox 206 2547 334 2571; x_wconf 80' lang='lat' dir='ltr'>nornen</span> <span class='ocrx_word' id='word_1_228' title='bbox 359 2536 551 2579; x_wconf 77' lang='lat' dir='ltr'>varchius,</span> <span class='ocrx_word' id='word_1_229' title='bbox 579 2536 676 2586; x_wconf 83' lang='lat' dir='ltr'>cujus</span> <span class='ocrx_word' id='word_1_230' title='bbox 701 2536 911 2587; x_wconf 75' lang='lat' dir='ltr'>significatio</span> 
     </span>
    </p>

    <p class='ocr_par' dir='ltr' id='par_1_5' title="bbox 257 2589 429 2622">
     <span class='ocr_line' id='line_1_47' title="bbox 257 2589 429 2622; baseline 0.012 -2"><span class='ocrx_word' id='word_1_231' title='bbox 257 2589 346 2621; x_wconf 84' lang='lat' dir='ltr'>Tom.</span> <span class='ocrx_word' id='word_1_232' title='bbox 375 2589 429 2622; x_wconf 88' lang='lat' dir='ltr'>VI.</span> 
     </span>
    </p>
   </div>
   <div class='ocr_carea' id='block_1_3' title="bbox 509 207 1446 255">
    <p class='ocr_par' dir='ltr' id='par_1_6' title="bbox 509 207 1446 255">
     <span class='ocr_line' id='line_1_48' title="bbox 509 207 1446 255; baseline 0.003 -3"><span class='ocrx_word' id='word_1_233' title='bbox 509 210 552 252; x_wconf 96' lang='lat' dir='ltr'><em>D</em></span> <span class='ocrx_word' id='word_1_234' title='bbox 560 207 779 250; x_wconf 80' lang='lat' dir='ltr'><em>ISSERTA</em></span> <span class='ocrx_word' id='word_1_235' title='bbox 783 208 874 251; x_wconf 73' lang='lat'>710</span> <span class='ocrx_word' id='word_1_236' title='bbox 906 209 1212 254; x_wconf 85' lang='lat' dir='ltr'><em>TRIGESIMA</em></span> <span class='ocrx_word' id='word_1_237' title='bbox 1217 209 1423 253; x_wconf 80' lang='lat' dir='ltr'><em>TERTIA</em></span> <span class='ocrx_word' id='word_1_238' title='bbox 1434 226 1446 255; x_wconf 68' lang='grc'>.“</span> 
     </span>
    </p>
   </div>
   <div class='ocr_carea' id='block_1_4' title="bbox 962 2079 1001 2152">
    <p class='ocr_par' dir='ltr' id='par_1_7' title="bbox 962 2079 1001 2152">
     <span class='ocr_line' id='line_1_49' title="bbox 962 2079 1001 2152; baseline 0 0"><span class='ocrx_word' id='word_1_239' title='bbox 962 2079 1001 2152; x_wconf 65' lang='lat' dir='ltr'>El</span> 
     </span>
    </p>
   </div>
   <div class='ocr_carea' id='block_1_5' title="bbox 996 2155 1000 2318">
    <p class='ocr_par' dir='ltr' id='par_1_8' title="bbox 996 2155 1000 2318">
     <span class='ocr_line' id='line_1_50' title="bbox 996 2155 1000 2318; baseline 0 729"><span class='ocrx_word' id='word_1_240' title='bbox 996 2155 1000 2318; x_wconf 95' lang='lat' dir='ltr'> </span> 
     </span>
    </p>
   </div>
   <div class='ocr_carea' id='block_1_6' title="bbox 1025 225 1803 2641">
    <p class='ocr_par' dir='ltr' id='par_1_9' title="bbox 1689 225 1747 262">
     <span class='ocr_line' id='line_1_51' title="bbox 1689 225 1747 262; baseline 0 0"><span class='ocrx_word' id='word_1_241' title='bbox 1689 225 1747 262; x_wconf 88' lang='lat'>06</span> 
     </span>
    </p>

    <p class='ocr_par' dir='ltr' id='par_1_10' title="bbox 1074 236 1803 2121">
     <span class='ocr_line' id='line_1_52' title="bbox 1089 236 1803 318; baseline 0.01 -15"><span class='ocrx_word' id='word_1_242' title='bbox 1089 268 1133 304; x_wconf 86' lang='lat' dir='ltr'>est</span> <span class='ocrx_word' id='word_1_243' title='bbox 1159 268 1278 304; x_wconf 89' lang='lat' dir='ltr'>eadem</span> <span class='ocrx_word' id='word_1_244' title='bbox 1307 279 1413 316; x_wconf 89' lang='lat' dir='ltr'>atque</span> <span class='ocrx_word' id='word_1_245' title='bbox 1449 271 1634 318; x_wconf 73' lang='lat' dir='ltr'>Cianciare,</span> <span class='ocrx_word' id='word_1_246' title='bbox 1660 236 1803 312; x_wconf 76' lang='lat' dir='ltr'>7Ciarla-</span> 
     </span>
     <span class='ocr_line' id='line_1_53' title="bbox 1089 319 1802 367; baseline 0.01 -13"><span class='ocrx_word' id='word_1_247' title='bbox 1089 333 1139 354; x_wconf 81' lang='lat' dir='ltr'>re.</span> <span class='ocrx_word' id='word_1_248' title='bbox 1170 319 1359 367; x_wconf 86' lang='lat' dir='ltr'>Menagius</span> <span class='ocrx_word' id='word_1_249' title='bbox 1384 323 1469 356; x_wconf 81' lang='lat' dir='ltr'>vero</span> <span class='ocrx_word' id='word_1_250' title='bbox 1496 322 1644 359; x_wconf 86' lang='lat' dir='ltr'>deduxit</span> <span class='ocrx_word' id='word_1_251' title='bbox 1671 328 1802 361; x_wconf 79' lang='lat' dir='ltr'>Berlin-</span> 
     </span>
     <span class='ocr_line' id='line_1_54' title="bbox 1084 372 1801 418; baseline 0.013 -15"><span class='ocrx_word' id='word_1_252' title='bbox 1084 383 1162 418; x_wconf 79' lang='lat' dir='ltr'>gare</span> <span class='ocrx_word' id='word_1_253' title='bbox 1181 383 1199 404; x_wconf 86' lang='lat' dir='ltr'>a</span> <span class='ocrx_word' id='word_1_254' title='bbox 1222 372 1314 404; x_wconf 82' lang='lat' dir='ltr'>Varie</span> <span class='ocrx_word' id='word_1_255' title='bbox 1333 372 1499 418; x_wconf 84' lang='lat' dir='ltr'>linguare,</span> <span class='ocrx_word' id='word_1_256' title='bbox 1530 372 1596 408; x_wconf 91' lang='lat' dir='ltr'>hoc</span> <span class='ocrx_word' id='word_1_257' title='bbox 1616 374 1681 414; x_wconf 87' lang='lat' dir='ltr'>est,</span> <span class='ocrx_word' id='word_1_258' title='bbox 1710 376 1801 412; x_wconf 84' lang='lat' dir='ltr'>som-</span> 
     </span>
     <span class='ocr_line' id='line_1_55' title="bbox 1087 420 1801 466; baseline 0.011 -12"><span class='ocrx_word' id='word_1_259' title='bbox 1087 420 1186 466; x_wconf 85' lang='lat' dir='ltr'>nium</span> <span class='ocrx_word' id='word_1_260' title='bbox 1215 420 1253 455; x_wconf 91' lang='lat' dir='ltr'>in</span> <span class='ocrx_word' id='word_1_261' title='bbox 1281 434 1348 456; x_wconf 91' lang='lat' dir='ltr'>una</span> <span class='ocrx_word' id='word_1_262' title='bbox 1368 433 1487 458; x_wconf 88' lang='lat' dir='ltr'>mente</span> <span class='ocrx_word' id='word_1_263' title='bbox 1514 423 1571 459; x_wconf 84' lang='lat' dir='ltr'>sua</span> <span class='ocrx_word' id='word_1_264' title='bbox 1593 435 1714 464; x_wconf 84' lang='lat' dir='ltr'>natum</span> <span class='ocrx_word' id='word_1_265' title='bbox 1736 439 1801 462; x_wconf 89' lang='lat' dir='ltr'>no-</span> 
     </span>
     <span class='ocr_line' id='line_1_56' title="bbox 1088 471 1800 514; baseline 0.01 -8"><span class='ocrx_word' id='word_1_266' title='bbox 1088 471 1141 507; x_wconf 85' lang='lat' dir='ltr'>bis</span> <span class='ocrx_word' id='word_1_267' title='bbox 1178 472 1373 508; x_wconf 84' lang='lat' dir='ltr'>enarravit.</span> <span class='ocrx_word' id='word_1_268' title='bbox 1411 473 1509 509; x_wconf 82' lang='lat' dir='ltr'>Mihi</span> <span class='ocrx_word' id='word_1_269' title='bbox 1547 475 1620 510; x_wconf 88' lang='lat' dir='ltr'>veri</span> <span class='ocrx_word' id='word_1_270' title='bbox 1661 476 1800 514; x_wconf 86' lang='lat' dir='ltr'>videtur</span> 
     </span>
     <span class='ocr_line' id='line_1_57' title="bbox 1087 521 1800 569; baseline 0.01 -13"><span class='ocrx_word' id='word_1_271' title='bbox 1087 521 1199 557; x_wconf 69' lang='lat' dir='ltr'>simile</span> <span class='ocrx_word' id='word_1_272' title='bbox 1228 521 1420 569; x_wconf 64' lang='lat' dir='ltr'>profeRum</span> <span class='ocrx_word' id='word_1_273' title='bbox 1458 523 1557 560; x_wconf 82' lang='lat' dir='ltr'>fuifl‘e</span> <span class='ocrx_word' id='word_1_274' title='bbox 1592 525 1663 561; x_wconf 85' lang='lat' dir='ltr'>diei</span> <span class='ocrx_word' id='word_1_275' title='bbox 1700 528 1800 563; x_wconf 84' lang='lat' dir='ltr'>illius</span> 
     </span>
     <span class='ocr_line' id='line_1_58' title="bbox 1089 574 1801 625; baseline 0.011 -19"><span class='ocrx_word' id='word_1_276' title='bbox 1089 585 1259 620; x_wconf 87' lang='lat' dir='ltr'>agnomen</span> <span class='ocrx_word' id='word_1_277' title='bbox 1277 587 1319 608; x_wconf 86' lang='lat' dir='ltr'>ex</span> <span class='ocrx_word' id='word_1_278' title='bbox 1336 574 1531 611; x_wconf 82' lang='lat' dir='ltr'>eduliorum</span> <span class='ocrx_word' id='word_1_279' title='bbox 1556 576 1667 623; x_wconf 81' lang='lat' dir='ltr'>specie</span> <span class='ocrx_word' id='word_1_280' title='bbox 1682 605 1689 617; x_wconf 81' lang='grc'><strong>,</strong></span> <span class='ocrx_word' id='word_1_281' title='bbox 1713 591 1801 625; x_wconf 87' lang='lat' dir='ltr'>quae</span> 
     </span>
     <span class='ocr_line' id='line_1_59' title="bbox 1087 623 1802 673; baseline 0.013 -16"><span class='ocrx_word' id='word_1_282' title='bbox 1087 624 1288 669; x_wconf 70' lang='lat' dir='ltr'>Budengbi,</span> <span class='ocrx_word' id='word_1_283' title='bbox 1324 623 1362 660; x_wconf 85' lang='lat'>&amp;</span> <span class='ocrx_word' id='word_1_284' title='bbox 1401 627 1617 673; x_wconf 56' lang='lat' dir='ltr'>Burtingozzi</span> <span class='ocrx_word' id='word_1_285' title='bbox 1642 641 1660 663; x_wconf 87' lang='lat' dir='ltr'>a</span> <span class='ocrx_word' id='word_1_286' title='bbox 1689 629 1802 665; x_wconf 87' lang='lat' dir='ltr'>Lom-</span> 
     </span>
     <span class='ocr_line' id='line_1_60' title="bbox 1088 673 1800 727; baseline 0.011 -20"><span class='ocrx_word' id='word_1_287' title='bbox 1088 673 1272 708; x_wconf 85' lang='lat' dir='ltr'>bardorum</span> <span class='ocrx_word' id='word_1_288' title='bbox 1315 676 1423 724; x_wconf 87' lang='lat' dir='ltr'>vulgo</span> <span class='ocrx_word' id='word_1_289' title='bbox 1465 676 1576 713; x_wconf 90' lang='lat' dir='ltr'>adhuc</span> <span class='ocrx_word' id='word_1_290' title='bbox 1618 680 1800 727; x_wconf 87' lang='lat' dir='ltr'>appellan-</span> 
     </span>
     <span class='ocr_line' id='line_1_61' title="bbox 1086 726 1798 777; baseline 0.011 -19"><span class='ocrx_word' id='word_1_291' title='bbox 1086 732 1171 772; x_wconf 74' lang='lat' dir='ltr'>tur3</span> <span class='ocrx_word' id='word_1_292' title='bbox 1211 737 1334 771; x_wconf 88' lang='lat' dir='ltr'>nempe</span> <span class='ocrx_word' id='word_1_293' title='bbox 1362 739 1405 762; x_wconf 88' lang='lat' dir='ltr'>ex</span> <span class='ocrx_word' id='word_1_294' title='bbox 1436 726 1545 763; x_wconf 85' lang='lat' dir='ltr'>farina</span> <span class='ocrx_word' id='word_1_295' title='bbox 1584 741 1642 776; x_wconf 87' lang='lat' dir='ltr'>per</span> <span class='ocrx_word' id='word_1_296' title='bbox 1669 743 1798 777; x_wconf 85' lang='lat' dir='ltr'>aquam</span> 
     </span>
     <span class='ocr_line' id='line_1_62' title="bbox 1086 773 1799 828; baseline 0.011 -19"><span class='ocrx_word' id='word_1_297' title='bbox 1086 773 1221 817; x_wconf 68' lang='lat' dir='ltr'>diluta,</span> <span class='ocrx_word' id='word_1_298' title='bbox 1257 789 1347 822; x_wconf 89' lang='lat' dir='ltr'>quae</span> <span class='ocrx_word' id='word_1_299' title='bbox 1384 789 1421 812; x_wconf 82' lang='lat' dir='ltr'>in</span> <span class='ocrx_word' id='word_1_300' title='bbox 1460 777 1555 822; x_wconf 86' lang='lat' dir='ltr'>solo,</span> <span class='ocrx_word' id='word_1_301' title='bbox 1591 789 1631 814; x_wconf 84' lang='lat' dir='ltr'>ut</span> <span class='ocrx_word' id='word_1_302' title='bbox 1671 781 1799 828; x_wconf 85' lang='lat' dir='ltr'>ajunt,</span> 
     </span>
     <span class='ocr_line' id='line_1_63' title="bbox 1086 827 1798 875; baseline 0.013 -16"><span class='ocrx_word' id='word_1_303' title='bbox 1086 837 1185 860; x_wconf 85' lang='lat' dir='ltr'>aereo</span> <span class='ocrx_word' id='word_1_304' title='bbox 1230 828 1348 873; x_wconf 86' lang='lat' dir='ltr'>prunis</span> <span class='ocrx_word' id='word_1_305' title='bbox 1391 827 1579 875; x_wconf 80' lang='lat' dir='ltr'>imposita,</span> <span class='ocrx_word' id='word_1_306' title='bbox 1619 829 1798 869; x_wconf 80' lang='lat' dir='ltr'>subtiliter</span> 
     </span>
     <span class='ocr_line' id='line_1_64' title="bbox 1086 874 1798 926; baseline 0.013 -17"><span class='ocrx_word' id='word_1_307' title='bbox 1086 874 1265 910; x_wconf 76' lang='lat' dir='ltr'>dstributa</span> <span class='ocrx_word' id='word_1_308' title='bbox 1284 904 1295 917; x_wconf 74' lang='grc'>,</span> <span class='ocrx_word' id='word_1_309' title='bbox 1331 890 1369 912; x_wconf 77' lang='lat' dir='ltr'>ac</span> <span class='ocrx_word' id='word_1_310' title='bbox 1399 880 1516 914; x_wconf 74' lang='lat' dir='ltr'>subtus</span> <span class='ocrx_word' id='word_1_311' title='bbox 1543 878 1581 915; x_wconf 84' lang='lat'>&amp;</span> <span class='ocrx_word' id='word_1_312' title='bbox 1612 880 1708 926; x_wconf 90' lang='lat' dir='ltr'>supra</span> <span class='ocrx_word' id='word_1_313' title='bbox 1738 883 1798 918; x_wconf 83' lang='lat' dir='ltr'>be-</span> 
     </span>
     <span class='ocr_line' id='line_1_65' title="bbox 1085 927 1800 978; baseline 0.013 -19"><span class='ocrx_word' id='word_1_314' title='bbox 1085 938 1128 960; x_wconf 89' lang='lat' dir='ltr'>ne</span> <span class='ocrx_word' id='word_1_315' title='bbox 1157 927 1345 971; x_wconf 68' lang='lat' dir='ltr'>perun&amp;a‚</span> <span class='ocrx_word' id='word_1_316' title='bbox 1386 929 1468 964; x_wconf 84' lang='lat' dir='ltr'>testu</span> <span class='ocrx_word' id='word_1_317' title='bbox 1498 929 1709 978; x_wconf 80' lang='lat' dir='ltr'>superposito</span> <span class='ocrx_word' id='word_1_318' title='bbox 1737 947 1800 968; x_wconf 83' lang='lat' dir='ltr'>ex-</span> 
     </span>
     <span class='ocr_line' id='line_1_66' title="bbox 1086 976 1797 1026; baseline 0.015 -17"><span class='ocrx_word' id='word_1_319' title='bbox 1086 976 1275 1022; x_wconf 75' lang='lat' dir='ltr'>coquitur.</span> <span class='ocrx_word' id='word_1_320' title='bbox 1313 990 1352 1012; x_wconf 85' lang='lat' dir='ltr'>ac</span> <span class='ocrx_word' id='word_1_321' title='bbox 1391 991 1497 1026; x_wconf 89' lang='lat' dir='ltr'>paene</span> <span class='ocrx_word' id='word_1_322' title='bbox 1534 991 1687 1017; x_wconf 87' lang='lat' dir='ltr'>torretur</span> <span class='ocrx_word' id='word_1_323' title='bbox 1709 1009 1720 1026; x_wconf 92' lang='lat'>,</span> <span class='ocrx_word' id='word_1_324' title='bbox 1758 983 1797 1021; x_wconf 88' lang='lat'>&amp;</span> 
     </span>
     <span class='ocr_line' id='line_1_67' title="bbox 1084 1024 1798 1080; baseline 0.013 -20"><span class='ocrx_word' id='word_1_325' title='bbox 1084 1024 1166 1061; x_wconf 82' lang='lat' dir='ltr'>inde</span> <span class='ocrx_word' id='word_1_326' title='bbox 1193 1026 1329 1063; x_wconf 85' lang='lat' dir='ltr'>fervens</span> <span class='ocrx_word' id='word_1_327' title='bbox 1358 1031 1578 1074; x_wconf 78' lang='lat' dir='ltr'>comeditur,</span> <span class='ocrx_word' id='word_1_328' title='bbox 1607 1043 1713 1080; x_wconf 87' lang='lat' dir='ltr'>atque</span> <span class='ocrx_word' id='word_1_329' title='bbox 1740 1034 1798 1068; x_wconf 91' lang='lat' dir='ltr'>in-</span> 
     </span>
     <span class='ocr_line' id='line_1_68' title="bbox 1085 1076 1799 1127; baseline 0.015 -18"><span class='ocrx_word' id='word_1_330' title='bbox 1085 1076 1218 1111; x_wconf 88' lang='lat' dir='ltr'>terdum</span> <span class='ocrx_word' id='word_1_331' title='bbox 1250 1077 1460 1120; x_wconf 87' lang='lat' dir='ltr'>herbarum,</span> <span class='ocrx_word' id='word_1_332' title='bbox 1489 1095 1662 1127; x_wconf 86' lang='lat' dir='ltr'>ovorum,</span> <span class='ocrx_word' id='word_1_333' title='bbox 1690 1083 1799 1120; x_wconf 86' lang='lat' dir='ltr'>casei-</span> 
     </span>
     <span class='ocr_line' id='line_1_69' title="bbox 1083 1129 1798 1179; baseline 0.014 -20"><span class='ocrx_word' id='word_1_334' title='bbox 1083 1137 1150 1170; x_wconf 91' lang='lat' dir='ltr'>que</span> <span class='ocrx_word' id='word_1_335' title='bbox 1180 1129 1440 1164; x_wconf 79' lang='lat' dir='ltr'>commixtione</span> <span class='ocrx_word' id='word_1_336' title='bbox 1483 1132 1629 1177; x_wconf 84' lang='lat' dir='ltr'>speciem</span> <span class='ocrx_word' id='word_1_337' title='bbox 1673 1147 1798 1179; x_wconf 86' lang='lat' dir='ltr'>quarn-</span> 
     </span>
     <span class='ocr_line' id='line_1_70' title="bbox 1083 1174 1797 1223; baseline 0.017 -16"><span class='ocrx_word' id='word_1_338' title='bbox 1083 1174 1162 1208; x_wconf 89' lang='lat' dir='ltr'>dam</span> <span class='ocrx_word' id='word_1_339' title='bbox 1207 1177 1381 1223; x_wconf 87' lang='lat' dir='ltr'>pulmenti</span> <span class='ocrx_word' id='word_1_340' title='bbox 1420 1181 1605 1217; x_wconf 83' lang='lat' dir='ltr'>continet.</span> <span class='ocrx_word' id='word_1_341' title='bbox 1643 1185 1797 1220; x_wconf 77' lang='lat' dir='ltr'>Subtiles</span> 
     </span>
     <span class='ocr_line' id='line_1_71' title="bbox 1082 1223 1798 1282; baseline 0.015 -24"><span class='ocrx_word' id='word_1_342' title='bbox 1082 1223 1181 1260; x_wconf 87' lang='lat' dir='ltr'>hasce</span> <span class='ocrx_word' id='word_1_343' title='bbox 1220 1227 1393 1271; x_wconf 84' lang='lat' dir='ltr'>placentas</span> <span class='ocrx_word' id='word_1_344' title='bbox 1430 1242 1644 1278; x_wconf 77' lang='lat' dir='ltr'>nuncupatas</span> <span class='ocrx_word' id='word_1_345' title='bbox 1688 1233 1798 1282; x_wconf 83' lang='lat' dir='ltr'>suspi-</span> 
     </span>
     <span class='ocr_line' id='line_1_72' title="bbox 1082 1278 1791 1329; baseline 0.01 -18"><span class='ocrx_word' id='word_1_346' title='bbox 1082 1289 1142 1311; x_wconf 89' lang='lat' dir='ltr'>cor</span> <span class='ocrx_word' id='word_1_347' title='bbox 1178 1278 1357 1319; x_wconf 61' lang='lat' dir='ltr'>Burlenghi</span> <span class='ocrx_word' id='word_1_348' title='bbox 1380 1304 1390 1318; x_wconf 90' lang='lat'><em>‚</em></span> <span class='ocrx_word' id='word_1_349' title='bbox 1428 1282 1518 1327; x_wconf 87' lang='lat' dir='ltr'>quali</span> <span class='ocrx_word' id='word_1_350' title='bbox 1560 1284 1735 1329; x_wconf 72' lang='lat' dir='ltr'>Brulenghi</span> <span class='ocrx_word' id='word_1_351' title='bbox 1772 1299 1791 1321; x_wconf 87' lang='lat' dir='ltr'>e</span> 
     </span>
     <span class='ocr_line' id='line_1_73' title="bbox 1081 1326 1795 1369; baseline 0.014 -9"><span class='ocrx_word' id='word_1_352' title='bbox 1081 1326 1224 1361; x_wconf 88' lang='lat' dir='ltr'>Gallico</span> <span class='ocrx_word' id='word_1_353' title='bbox 1248 1331 1384 1365; x_wconf 52' lang='lat' dir='ltr'>Bauer.</span> <span class='ocrx_word' id='word_1_354' title='bbox 1414 1333 1614 1368; x_wconf 85' lang='lat' dir='ltr'>Florentini</span> <span class='ocrx_word' id='word_1_355' title='bbox 1636 1347 1691 1369; x_wconf 80' lang='lat' dir='ltr'>eas</span> <span class='ocrx_word' id='word_1_356' title='bbox 1711 1338 1795 1369; x_wconf 84' lang='lat' dir='ltr'>Ber-</span> 
     </span>
     <span class='ocr_line' id='line_1_74' title="bbox 1081 1377 1795 1432; baseline 0.018 -24"><span class='ocrx_word' id='word_1_357' title='bbox 1081 1377 1228 1422; x_wconf 56' lang='lat' dir='ltr'>lingczzi</span> <span class='ocrx_word' id='word_1_358' title='bbox 1264 1380 1403 1414; x_wconf 87' lang='lat' dir='ltr'>dixere.</span> <span class='ocrx_word' id='word_1_359' title='bbox 1441 1384 1487 1416; x_wconf 81' lang='lat' dir='ltr'>Et</span> <span class='ocrx_word' id='word_1_360' title='bbox 1523 1384 1605 1426; x_wconf 80' lang='lat' dir='ltr'>quia</span> <span class='ocrx_word' id='word_1_361' title='bbox 1645 1385 1795 1432; x_wconf 84' lang='lat' dir='ltr'>praeser-</span> 
     </span>
     <span class='ocr_line' id='line_1_75' title="bbox 1081 1425 1796 1484; baseline 0.018 -25"><span class='ocrx_word' id='word_1_362' title='bbox 1081 1425 1147 1460; x_wconf 90' lang='lat' dir='ltr'>tim</span> <span class='ocrx_word' id='word_1_363' title='bbox 1187 1440 1383 1463; x_wconf 84' lang='lat' dir='ltr'>recurrente</span> <span class='ocrx_word' id='word_1_364' title='bbox 1420 1431 1564 1478; x_wconf 61' lang='lat' dir='ltr'>quinfi’ta</span> <span class='ocrx_word' id='word_1_365' title='bbox 1604 1435 1702 1469; x_wconf 75' lang='lat' dir='ltr'>Feria</span> <span class='ocrx_word' id='word_1_366' title='bbox 1732 1450 1796 1484; x_wconf 89' lang='lat' dir='ltr'>po-</span> 
     </span>
     <span class='ocr_line' id='line_1_76' title="bbox 1081 1475 1793 1522; baseline 0.02 -13"><span class='ocrx_word' id='word_1_367' title='bbox 1081 1475 1222 1511; x_wconf 83' lang='lat' dir='ltr'>stremae</span> <span class='ocrx_word' id='word_1_368' title='bbox 1264 1478 1498 1517; x_wconf 82' lang='lat' dir='ltr'>hebdomadae</span> <span class='ocrx_word' id='word_1_369' title='bbox 1538 1484 1793 1522; x_wconf 85' lang='lat' dir='ltr'>Bacchanalio-</span> 
     </span>
     <span class='ocr_line' id='line_1_77' title="bbox 1080 1529 1794 1584; baseline 0.018 -24"><span class='ocrx_word' id='word_1_370' title='bbox 1080 1540 1156 1561; x_wconf 88' lang='lat' dir='ltr'>rum</span> <span class='ocrx_word' id='word_1_371' title='bbox 1190 1529 1353 1570; x_wconf 85' lang='lat' dir='ltr'>Popellus</span> <span class='ocrx_word' id='word_1_372' title='bbox 1391 1532 1546 1568; x_wconf 83' lang='lat' dir='ltr'>maxime</span> <span class='ocrx_word' id='word_1_373' title='bbox 1585 1534 1794 1584; x_wconf 66' lang='lat' dir='ltr'>indulgebat</span> 
     </span>
     <span class='ocr_line' id='line_1_78' title="bbox 1079 1576 1792 1627; baseline 0.018 -18"><span class='ocrx_word' id='word_1_374' title='bbox 1079 1576 1173 1611; x_wconf 83' lang='lat' dir='ltr'>hisce</span> <span class='ocrx_word' id='word_1_375' title='bbox 1201 1578 1326 1613; x_wconf 79' lang='lat' dir='ltr'>eduliis</span> <span class='ocrx_word' id='word_1_376' title='bbox 1356 1580 1473 1627; x_wconf 86' lang='lat' dir='ltr'>(quod</span> <span class='ocrx_word' id='word_1_377' title='bbox 1495 1581 1532 1617; x_wconf 76' lang='grc' dir='ltr'>ὅ(</span> <span class='ocrx_word' id='word_1_378' title='bbox 1554 1584 1675 1620; x_wconf 63' lang='grc' dir='ltr'>ἀὲεὺιις</span> <span class='ocrx_word' id='word_1_379' title='bbox 1704 1587 1792 1623; x_wconf 84' lang='lat' dir='ltr'>meis</span> 
     </span>
     <span class='ocr_line' id='line_1_79' title="bbox 1081 1626 1793 1680; baseline 0.018 -20"><span class='ocrx_word' id='word_1_380' title='bbox 1081 1626 1211 1661; x_wconf 82' lang='lat' dir='ltr'>alicubi</span> <span class='ocrx_word' id='word_1_381' title='bbox 1240 1627 1460 1666; x_wconf 77' lang='lat' dir='ltr'>observatum</span> <span class='ocrx_word' id='word_1_382' title='bbox 1490 1633 1622 1680; x_wconf 87' lang='lat' dir='ltr'>vidi),</span> <span class='ocrx_word' id='word_1_383' title='bbox 1650 1635 1720 1671; x_wconf 84' lang='lat' dir='ltr'>diei</span> <span class='ocrx_word' id='word_1_384' title='bbox 1746 1637 1793 1672; x_wconf 89' lang='lat' dir='ltr'>il-</span> 
     </span>
     <span class='ocr_line' id='line_1_80' title="bbox 1079 1676 1792 1722; baseline 0.015 -11"><span class='ocrx_word' id='word_1_385' title='bbox 1079 1676 1107 1711; x_wconf 92' lang='lat' dir='ltr'>li</span> <span class='ocrx_word' id='word_1_386' title='bbox 1135 1676 1289 1712; x_wconf 88' lang='lat' dir='ltr'>inditum</span> <span class='ocrx_word' id='word_1_387' title='bbox 1318 1678 1386 1717; x_wconf 89' lang='lat' dir='ltr'>fuit</span> <span class='ocrx_word' id='word_1_388' title='bbox 1419 1695 1438 1716; x_wconf 89' lang='lat' dir='ltr'>a</span> <span class='ocrx_word' id='word_1_389' title='bbox 1476 1684 1683 1720; x_wconf 83' lang='lat' dir='ltr'>Florentino</span> <span class='ocrx_word' id='word_1_390' title='bbox 1711 1688 1792 1722; x_wconf 90' lang='lat' dir='ltr'>vul-</span> 
     </span>
     <span class='ocr_line' id='line_1_81' title="bbox 1079 1732 1789 1777; baseline 0.018 -17"><span class='ocrx_word' id='word_1_391' title='bbox 1079 1739 1124 1774; x_wconf 84' lang='lat' dir='ltr'>go</span> <span class='ocrx_word' id='word_1_392' title='bbox 1151 1740 1278 1762; x_wconf 89' lang='lat' dir='ltr'>nomen</span> <span class='ocrx_word' id='word_1_393' title='bbox 1309 1732 1546 1777; x_wconf 79' lang='lat' dir='ltr'>Berlingaccio.</span> <span class='ocrx_word' id='word_1_394' title='bbox 1586 1737 1668 1771; x_wconf 89' lang='lat' dir='ltr'>Inde</span> <span class='ocrx_word' id='word_1_395' title='bbox 1704 1741 1789 1773; x_wconf 75' lang='lat' dir='ltr'>vero</span> 
     </span>
     <span class='ocr_line' id='line_1_82' title="bbox 1079 1781 1788 1826; baseline 0.016 -15"><span class='ocrx_word' id='word_1_396' title='bbox 1079 1788 1219 1813; x_wconf 85' lang='lat' dir='ltr'>enatum</span> <span class='ocrx_word' id='word_1_397' title='bbox 1258 1781 1385 1826; x_wconf 80' lang='lat' dir='ltr'>opinor</span> <span class='ocrx_word' id='word_1_398' title='bbox 1411 1783 1443 1816; x_wconf 86' lang='lat'>&amp;</span> <span class='ocrx_word' id='word_1_399' title='bbox 1474 1786 1617 1820; x_wconf 89' lang='lat' dir='ltr'>verbum</span> <span class='ocrx_word' id='word_1_400' title='bbox 1656 1789 1788 1822; x_wconf 80' lang='lat' dir='ltr'>Berlin-</span> 
     </span>
     <span class='ocr_line' id='line_1_83' title="bbox 1074 1830 1787 1878; baseline 0.017 -17"><span class='ocrx_word' id='word_1_401' title='bbox 1074 1842 1176 1875; x_wconf 86' lang='lat' dir='ltr'>gare,</span> <span class='ocrx_word' id='word_1_402' title='bbox 1222 1830 1264 1864; x_wconf 87' lang='lat' dir='ltr'>ad</span> <span class='ocrx_word' id='word_1_403' title='bbox 1305 1830 1548 1878; x_wconf 79' lang='lat' dir='ltr'>designandum</span> <span class='ocrx_word' id='word_1_404' title='bbox 1592 1839 1787 1873; x_wconf 81' lang='lat' dir='ltr'>tumultum</span> 
     </span>
     <span class='ocr_line' id='line_1_84' title="bbox 1079 1880 1788 1926; baseline 0.017 -14"><span class='ocrx_word' id='word_1_405' title='bbox 1079 1891 1228 1922; x_wconf 83' lang='lat' dir='ltr'>vocum,</span> <span class='ocrx_word' id='word_1_406' title='bbox 1256 1880 1317 1926; x_wconf 93' lang='lat' dir='ltr'>qui</span> <span class='ocrx_word' id='word_1_407' title='bbox 1346 1895 1387 1917; x_wconf 92' lang='lat' dir='ltr'>eo</span> <span class='ocrx_word' id='word_1_408' title='bbox 1415 1883 1607 1921; x_wconf 85' lang='lat' dir='ltr'>hilaritatis</span> <span class='ocrx_word' id='word_1_409' title='bbox 1642 1887 1700 1923; x_wconf 82' lang='lat' dir='ltr'>die</span> <span class='ocrx_word' id='word_1_410' title='bbox 1728 1902 1788 1925; x_wconf 86' lang='lat' dir='ltr'>au—</span> 
     </span>
     <span class='ocr_line' id='line_1_85' title="bbox 1077 1928 1787 1975; baseline 0.018 -13"><span class='ocrx_word' id='word_1_411' title='bbox 1077 1928 1237 1965; x_wconf 87' lang='lat' dir='ltr'>diebatur</span> <span class='ocrx_word' id='word_1_412' title='bbox 1264 1930 1300 1965; x_wconf 88' lang='lat' dir='ltr'>in</span> <span class='ocrx_word' id='word_1_413' title='bbox 1330 1933 1490 1970; x_wconf 87' lang='lat' dir='ltr'>aedibus.</span> <span class='ocrx_word' id='word_1_414' title='bbox 1528 1938 1593 1972; x_wconf 89' lang='lat' dir='ltr'>Sed</span> <span class='ocrx_word' id='word_1_415' title='bbox 1630 1938 1723 1974; x_wconf 89' lang='lat' dir='ltr'>nihil</span> <span class='ocrx_word' id='word_1_416' title='bbox 1751 1953 1787 1975; x_wconf 89' lang='lat' dir='ltr'>e-</span> 
     </span>
     <span class='ocr_line' id='line_1_86' title="bbox 1077 1981 1787 2037; baseline 0.018 -24"><span class='ocrx_word' id='word_1_417' title='bbox 1077 1990 1151 2018; x_wconf 84' lang='lat' dir='ltr'>rat,</span> <span class='ocrx_word' id='word_1_418' title='bbox 1182 1993 1241 2015; x_wconf 82' lang='lat' dir='ltr'>cur</span> <span class='ocrx_word' id='word_1_419' title='bbox 1268 1981 1345 2016; x_wconf 90' lang='lat' dir='ltr'>heic</span> <span class='ocrx_word' id='word_1_420' title='bbox 1373 1983 1608 2030; x_wconf 84' lang='lat' dir='ltr'>immorarer,</span> <span class='ocrx_word' id='word_1_421' title='bbox 1647 1991 1787 2037; x_wconf 87' lang='lat' dir='ltr'>quando</span> 
     </span>
     <span class='ocr_line' id='line_1_87' title="bbox 1078 2033 1788 2088; baseline 0.02 -25"><span class='ocrx_word' id='word_1_422' title='bbox 1078 2039 1214 2078; x_wconf 81' lang='lat' dir='ltr'>tempus</span> <span class='ocrx_word' id='word_1_423' title='bbox 1251 2033 1340 2067; x_wconf 90' lang='lat' dir='ltr'>alios</span> <span class='ocrx_word' id='word_1_424' title='bbox 1377 2047 1512 2081; x_wconf 88' lang='lat' dir='ltr'>mores,</span> <span class='ocrx_word' id='word_1_425' title='bbox 1547 2038 1687 2088; x_wconf 53' lang='lat' dir='ltr'>aliaque</span> <span class='ocrx_word' id='word_1_426' title='bbox 1724 2054 1788 2076; x_wconf 89' lang='lat' dir='ltr'>vo-</span> 
     </span>
     <span class='ocr_line' id='line_1_88' title="bbox 1078 2081 1522 2121; baseline 0.018 -7"><span class='ocrx_word' id='word_1_427' title='bbox 1078 2082 1198 2116; x_wconf 89' lang='lat' dir='ltr'>cabula</span> <span class='ocrx_word' id='word_1_428' title='bbox 1229 2081 1391 2121; x_wconf 83' lang='lat' dir='ltr'>invexit.</span> <span class='ocrx_word' id='word_1_429' title='bbox 1518 2103 1522 2107; x_wconf 79' lang='grc'><strong>’</strong></span> 
     </span>
    </p>

    <p class='ocr_par' dir='ltr' id='par_1_11' title="bbox 1025 2132 1787 2589">
     <span class='ocr_line' id='line_1_89' title="bbox 1025 2132 1786 2184; baseline 0.02 -20"><span class='ocrx_word' id='word_1_430' title='bbox 1025 2132 1172 2166; x_wconf 74' lang='lat' dir='ltr'>Bettola.</span> <span class='ocrx_word' id='word_1_431' title='bbox 1202 2134 1285 2167; x_wconf 71' lang='lat' dir='ltr'>mis</span> <span class='ocrx_word' id='word_1_432' title='bbox 1311 2138 1481 2178; x_wconf 75' lang='lat' dir='ltr'>caupona,</span> <span class='ocrx_word' id='word_1_433' title='bbox 1509 2152 1611 2184; x_wconf 84' lang='lat' dir='ltr'>quam</span> <span class='ocrx_word' id='word_1_434' title='bbox 1641 2140 1786 2178; x_wconf 88' lang='lat' dir='ltr'>bibendi</span> 
     </span>
     <span class='ocr_line' id='line_1_90' title="bbox 1075 2181 1787 2233; baseline 0.015 -16"><span class='ocrx_word' id='word_1_435' title='bbox 1075 2181 1190 2217; x_wconf 61' lang='lat' dir='ltr'>caussa.</span> <span class='ocrx_word' id='word_1_436' title='bbox 1219 2185 1342 2232; x_wconf 78' lang='lat' dir='ltr'>vulgus</span> <span class='ocrx_word' id='word_1_437' title='bbox 1371 2187 1479 2233; x_wconf 86' lang='lat' dir='ltr'>petit.</span> <span class='ocrx_word' id='word_1_438' title='bbox 1516 2192 1569 2225; x_wconf 84' lang='lat' dir='ltr'>Ex</span> <span class='ocrx_word' id='word_1_439' title='bbox 1598 2192 1787 2228; x_wconf 80' lang='lat' dir='ltr'>Germani-</span> 
     </span>
     <span class='ocr_line' id='line_1_91' title="bbox 1076 2233 1786 2283; baseline 0.015 -16"><span class='ocrx_word' id='word_1_440' title='bbox 1076 2246 1115 2267; x_wconf 90' lang='lat' dir='ltr'>ca</span> <span class='ocrx_word' id='word_1_441' title='bbox 1144 2233 1284 2282; x_wconf 83' lang='lat' dir='ltr'>Lingua</span> <span class='ocrx_word' id='word_1_442' title='bbox 1323 2238 1512 2283; x_wconf 83' lang='lat' dir='ltr'>proceffiffe</span> <span class='ocrx_word' id='word_1_443' title='bbox 1549 2241 1638 2276; x_wconf 90' lang='lat' dir='ltr'>mihi</span> <span class='ocrx_word' id='word_1_444' title='bbox 1673 2242 1786 2278; x_wconf 87' lang='lat' dir='ltr'>credi-</span> 
     </span>
     <span class='ocr_line' id='line_1_92' title="bbox 1075 2286 1784 2334; baseline 0.016 -17"><span class='ocrx_word' id='word_1_445' title='bbox 1075 2292 1158 2318; x_wconf 88' lang='lat' dir='ltr'>tur.</span> <span class='ocrx_word' id='word_1_446' title='bbox 1195 2286 1336 2334; x_wconf 67' lang='lat' dir='ltr'>Quippe</span> <span class='ocrx_word' id='word_1_447' title='bbox 1365 2289 1550 2326; x_wconf 87' lang='lat' dir='ltr'>Germanis</span> <span class='ocrx_word' id='word_1_448' title='bbox 1578 2293 1706 2326; x_wconf 80' lang='lat' dir='ltr'>Betteln</span> <span class='ocrx_word' id='word_1_449' title='bbox 1738 2294 1784 2328; x_wconf 82' lang='lat' dir='ltr'>est</span> 
     </span>
     <span class='ocr_line' id='line_1_93' title="bbox 1075 2335 1785 2385; baseline 0.015 -18"><span class='ocrx_word' id='word_1_450' title='bbox 1075 2335 1280 2380; x_wconf 78' lang='lat' dir='ltr'>Mendicare‚</span> <span class='ocrx_word' id='word_1_451' title='bbox 1309 2336 1347 2373; x_wconf 70' lang='grc' dir='ltr'>ὅ(</span> <span class='ocrx_word' id='word_1_452' title='bbox 1375 2341 1499 2373; x_wconf 76' lang='lat' dir='ltr'>Bettler</span> <span class='ocrx_word' id='word_1_453' title='bbox 1525 2345 1673 2385; x_wconf 78' lang='lat' dir='ltr'>Pauper.</span> <span class='ocrx_word' id='word_1_454' title='bbox 1704 2347 1785 2377; x_wconf 84' lang='lat' dir='ltr'>Bet-</span> 
     </span>
     <span class='ocr_line' id='line_1_94' title="bbox 1074 2386 1784 2437; baseline 0.018 -20"><span class='ocrx_word' id='word_1_455' title='bbox 1074 2386 1227 2430; x_wconf 44' lang='lat' dir='ltr'>tel-hiuss</span> <span class='ocrx_word' id='word_1_456' title='bbox 1245 2416 1252 2428; x_wconf 85' lang='grc'>,</span> <span class='ocrx_word' id='word_1_457' title='bbox 1292 2399 1330 2423; x_wconf 87' lang='lat' dir='ltr'>ut</span> <span class='ocrx_word' id='word_1_458' title='bbox 1358 2391 1511 2437; x_wconf 83' lang='lat' dir='ltr'>opinor,</span> <span class='ocrx_word' id='word_1_459' title='bbox 1548 2392 1636 2428; x_wconf 90' lang='lat' dir='ltr'>olim</span> <span class='ocrx_word' id='word_1_460' title='bbox 1665 2395 1784 2437; x_wconf 83' lang='lat' dir='ltr'>appel·</span> 
     </span>
     <span class='ocr_line' id='line_1_95' title="bbox 1073 2436 1782 2487; baseline 0.008 -16"><span class='ocrx_word' id='word_1_461' title='bbox 1073 2436 1145 2472; x_wconf 85' lang='lat' dir='ltr'>lata</span> <span class='ocrx_word' id='word_1_462' title='bbox 1164 2436 1363 2486; x_wconf 86' lang='lat' dir='ltr'>hujusmodi</span> <span class='ocrx_word' id='word_1_463' title='bbox 1383 2445 1555 2487; x_wconf 63' lang='lat' dir='ltr'>Cauponfl,</span> <span class='ocrx_word' id='word_1_464' title='bbox 1580 2443 1663 2485; x_wconf 82' lang='lat' dir='ltr'>idest</span> <span class='ocrx_word' id='word_1_465' title='bbox 1684 2447 1782 2478; x_wconf 68' lang='lat' dir='ltr'>Men-</span> 
     </span>
     <span class='ocr_line' id='line_1_96' title="bbox 1071 2487 1778 2541; baseline 0.013 -21"><span class='ocrx_word' id='word_1_466' title='bbox 1071 2487 1208 2522; x_wconf 76' lang='lat' dir='ltr'>dicorum</span> <span class='ocrx_word' id='word_1_467' title='bbox 1242 2493 1406 2527; x_wconf 77' lang='lat' dir='ltr'>Taberna.</span> <span class='ocrx_word' id='word_1_468' title='bbox 1444 2494 1538 2528; x_wconf 90' lang='lat' dir='ltr'>Tum</span> <span class='ocrx_word' id='word_1_469' title='bbox 1579 2494 1778 2541; x_wconf 78' lang='lat' dir='ltr'>compendii</span> 
     </span>
     <span class='ocr_line' id='line_1_97' title="bbox 1072 2538 1780 2589; baseline 0.008 -17"><span class='ocrx_word' id='word_1_470' title='bbox 1072 2538 1184 2587; x_wconf 54' lang='lat' dir='ltr'>gratia</span> <span class='ocrx_word' id='word_1_471' title='bbox 1222 2540 1328 2576; x_wconf 74' lang='lat' dir='ltr'>evafit</span> <span class='ocrx_word' id='word_1_472' title='bbox 1364 2543 1453 2589; x_wconf 86' lang='lat' dir='ltr'>apud</span> <span class='ocrx_word' id='word_1_473' title='bbox 1491 2545 1600 2581; x_wconf 84' lang='lat' dir='ltr'>Italos</span> <span class='ocrx_word' id='word_1_474' title='bbox 1630 2548 1780 2588; x_wconf 76' lang='lat' dir='ltr'>Bettela,</span> 
     </span>
    </p>

    <p class='ocr_par' dir='ltr' id='par_1_12' title="bbox 1138 2591 1730 2641">
     <span class='ocr_line' id='line_1_98' title="bbox 1138 2591 1730 2641; baseline 0.01 -18"><span class='ocrx_word' id='word_1_475' title='bbox 1138 2591 1166 2623; x_wconf 86' lang='lat' dir='ltr'>Y</span> <span class='ocrx_word' id='word_1_476' title='bbox 1196 2602 1218 2633; x_wconf 85' lang='lat' dir='ltr'>y</span> <span class='ocrx_word' id='word_1_477' title='bbox 1625 2607 1730 2641; x_wconf 83' lang='lat' dir='ltr'>quam</span> 
     </span>
    </p>
   </div>
  </div>
 </body>
</html>
