2169 3047
423 204 507 244 779

412 249 497 289 rire,
523 245 576 282 seu
604 247 703 289 fronte
729 251 889 282 percutere
916 249 952 284 ἃ
985 250 1123 295 Repelle—
1173 250 1202 284 A

412 310 445 331 re
473 297 705 333 adversarium
743 309 865 334 contra
897 300 1123 335 venientem:

412 348 505 396 quod
537 348 735 392 praesertim
766 352 913 388 arietes,
943 349 1059 392 tauri,
1088 363 1125 385 ac

412 398 520 434 boves
548 399 705 442 faciunt,
733 400 815 436 dum
844 401 935 436 alter
971 400 1008 435 in
1037 401 1119 436 alte-

412 463 490 485 rum
520 449 682 485 cornibus
710 449 748 486 &
777 450 892 486 fronte
922 451 1075 487 nititur.

361 501 522 535 Crollare.
562 504 741 543 summere,
769 504 990 541 Commovm,
1021 505 1053 536 E
1079 503 1125 535 lo-

411 563 443 585 co
471 554 620 585 Movere.
652 553 682 585 A
710 553 844 586 Graeco
872 557 993 593 Κροϋειι,
1022 551 1124 600 figni—

412 600 540 636 ficante
577 602 731 645 Pulsum,
770 601 936 639 Nicotius
972 604 1005 637 8<
1043 605 1117 637 Mo·

411 650 566 686 nofinius
624 650 830 687 censuerunt
889 653 1122 689 deducendam

412 700 502 736 hanc
542 714 689 736 vocem.
733 704 795 737 Sed
833 704 937 754 longe
974 704 1044 739 alia
1081 703 1124 739 est

412 750 624 800 significatio
660 752 759 788 verbi
796 755 954 790 Crollare.
1002 756 1124 801 quue

411 802 530 837 minus
567 815 585 837 e
623 806 783 838 Succutere
823 804 935 853 ipsum
979 805 1120 841 trahas:

411 853 507 900 quod
535 852 699 900 opinatus
727 853 771 889 est
808 856 1006 899 ferrarius,
1036 855 1123 891 hanc

411 902 539 938 scalam
570 903 757 940 adhibens:
787 910 969 946 Succurwe,
996 909 1123 946 Succus-

405 953 501 999 sare,
528 953 683 999 Scoffare,
710 957 882 993 Scrollare.
911 955 1124 993 Mutinenfi-

413 1004 498 1047 bus,
526 1006 819 1053 praeponentibus
846 1012 881 1043 S.
909 1008 1033 1043 multis
1062 1021 1124 1042 vo-

412 1054 533 1098 cibus,
561 1055 608 1090 est
634 1057 741 1091 etiam
779 1057 913 1103 Scoffare
939 1058 978 1094 &
1006 1057 1124 1104 Squas·

405 1105 504 1148 sare:
528 1106 591 1140 Sed
621 1107 720 1141 venit
747 1119 764 1141 a
789 1107 944 1153 Quaffare
968 1109 1124 1151 Latino,

410 1167 483 1189 non
516 1158 597 1189 verb
625 1169 642 1189 a
670 1159 849 1192 succurere.
879 1157 934 1192 Est
960 1159 994 1193 ὃ(
1023 1157 1124 1193 nobis

409 1206 584 1244 Set-ellare,
611 1205 681 1241 duo
710 1206 877 1243 videlicet
904 1208 1058 1243 diversae
1085 1222 1125 1243 o-

412 1254 539 1303 riginis
577 1257 699 1291 verba.
736 1257 907 1305 Menagio
936 1258 1013 1294 heic
1044 1259 1123 1294 hae-

410 1314 465 1340 ret
502 1319 616 1352 aqua.
654 1306 750 1341 Mihi
790 1311 872 1342 vero
908 1309 958 1343 nil
998 1309 1123 1343 melius

410 1354 601 1389 succurrit.
631 1355 825 1389 fabulandi
854 1357 993 1390 tantum
1029 1356 1123 1390 caus-

409 1404 446 1439 sfi
474 1414 588 1452 petere
625 1406 752 1443 liceat,
781 1418 863 1440 num
901 1419 919 1441 e
947 1409 1046 1440 Curro
1073 1405 1124 1441 ef·

411 1452 557 1490 formari
587 1454 742 1502 potuerit
769 1456 925 1496 Cumulo,
950 1456 1033 1492 idest
1059 1457 1123 1492 ali-

408 1506 597 1552 quantulum
619 1508 738 1540 Curre.
756 1505 814 1541 Ad
835 1506 1096 1555 fignificandum
1112 1520 1120 1543 ε

408 1555 514 1602 questa
549 1555 615 1599 cosa
642 1569 702 1589 non
735 1555 794 1598 istd
827 1557 947 1600 ferma,
974 1557 1123 1594 fortaffis

407 1606 529 1640 dixere
568 1606 712 1641 barbaro
732 1607 858 1643 Latini
901 1618 1055 1645 veteres:
1096 1610 1122 1643 i-

402 1655 482 1698 stud
517 1657 698 1692 Currulat.
745 1659 775 1692 E
802 1660 973 1694 Currulare
1010 1659 1123 1708 postea

409 1706 549 1742 venerit
576 1708 730 1748 (udas-e,
766 1710 934 1754 Crulhare,
961 1711 1122 1751 Gronau,

406 1756 631 1793 intranfitive
653 1758 768 1803 primo
786 1759 985 1809 usurpatum
999 1788 1007 1797 .
1026 1763 1123 1797 Dan·

407 1814 460 1842 tes
491 1809 670 1856 Purgator.
698 1811 743 1845 V.

354 1911 418 1944 Sta
443 1922 522 1943 come
548 1912 645 1945 Tam
665 1910 790 1956 ferma,
817 1912 869 1946 che
904 1926 964 1947 non
991 1913 1120 1950 Crolla.

405 2010 535 2047 Senfim
555 2011 663 2058 postea
685 2012 885 2049 adhibitum
904 2013 1011 2050 fuerit
1028 2015 1119 2048 Crol-

403 2062 472 2096 lare
508 2061 688 2097 transltive
714 2065 747 2097 δε
789 2063 906 2099 εᾶἰνε
937 2077 999 2112 pro
1026 2068 1117 2099 Com—

403 2125 548 2147 movere.
579 2114 699 2147 Frater
725 2115 922 2160 jacoponus
949 2115 1119 2152 Tuderti—

403 2173 468 2196 nus
496 2163 580 2198 Lib.
606 2176 643 2209 4.
670 2164 777 2199 Cant.
809 2174 865 2199 10.

403 2262 530 2297 Serulta
555 2261 591 2297 la
615 2263 747 2309 dunza,
774 2277 790 2297 e
811 2263 850 2308 fa
871 2266 1064 2312 portadura.

402 2362 444 2397 In
473 2364 586 2399 altero
609 2364 744 2400 Codice
770 2366 902 2401 semla.
932 2368 1000 2401 Pro
1023 2367 1115 2400 Crol-

401 2413 469 2447 lare
495 2414 620 2450 dixisse
647 2415 753 2450 etiam
784 2425 916 2451 veteres
950 2416 1115 2453 videntur

401 2465 545 2498 Grollare
559 2479 579 2508 ‚⁴
614 2465 707 2512 quod
744 2466 1112 2503 animadvertendum.

402 2511 444 2547 In
470 2515 556 2550 Vita
584 2516 727 2553 Sanctae
752 2516 853 2555 Zitae
879 2516 1044 2555 Lucenfis
1070 2518 1112 2554 ad

702 188 1134 248 ANTIQUJT.
1185 176 1431 232 ΜΕΝ]
1473 189 1666 233 AEVJ
1854 196 1938 249 780

1289 246 1382 284 diem
1421 249 1478 285 26.
1510 249 1667 298 Aprilis,
1697 249 1734 285 in
1773 249 1876 287 Affls
1913 255 1998 287 San-

1289 297 1372 334 &on
1403 300 1644 336 Bollandianis
1681 301 1812 350 legitur
1843 304 1929 350 Cap.
1961 304 1994 339 6.

1288 349 1355 396 Ipse
1390 352 1545 386 multoties
1580 351 1713 387 videbat
1744 366 1810 386 eam
1846 353 1996 387 Grallan-

1287 410 1348 434 tem
1371 412 1482 447 caput.
1506 401 1649 438 Clariss.
1677 404 1713 438 P.
1742 403 1996 451 papebrochius

1285 449 1323 485 in
1355 451 1460 487 Notis
1497 451 1639 488 scribit:
1678 453 1822 488 Grallare
1847 454 1998 488 Teutoni-

1287 499 1345 535 bus
1381 502 1532 545 Grollen,
1568 504 1700 537 Francis
1735 504 1886 548 Grouler,
1913 506 1996 538 sub-

1286 563 1478 584 murmurare
1487 574 1497 589 ‚
1525 549 1572 588 &⁹
1599 552 1792 586 insonditum
1823 555 1901 599 quid
1926 568 1997 589 voce

1286 614 1322 635 ac
1342 600 1433 646 gellis
1454 601 1631 646 praeferre:
1653 617 1673 636 a
1692 602 1789 645 Grol,
1810 605 1891 649 quod
1913 607 1997 637 Teu-

1287 652 1412 685 mnibus
1439 651 1642 695 semifatuum
1671 652 1855 699 figmficat.
1889 655 1942 689 At
1968 654 1996 688 is

1287 700 1362 735 vim
1401 702 1499 737 vocis
1536 701 1666 738 nostrae
1707 705 1913 751 neutiquam
1951 705 1996 739 est

1288 751 1504 798 assequutus.
1525 753 1668 787 Grollare
1691 753 1743 789 ibi
1768 752 1812 788 est
1836 756 1996 798 crottam,

1287 804 1447 836 succutere
1470 813 1582 848 caput.
1605 803 1695 839 Vide
1720 803 1827 839 etiam
1849 804 1885 840 in
1907 805 1997 842 Hist.

1289 853 1468 896 Romanii,
1491 852 1528 888 in
1557 853 1623 888 hoc
1650 856 1765 902 Opere
1784 854 1897 890 edica.
1926 858 1997 890 Da—

1283 903 1336 949 gli
1361 916 1472 937 ancora
1499 917 1540 937 un
1565 905 1696 948 Crull0‚
1722 903 1775 939 uti
1803 903 1840 939 in
1867 906 1998 940 Roma—

1287 966 1330 988 na
1360 952 1634 990 Diale&o·tunc
1670 953 1873 1003 dicebatur-3
1903 956 1994 1003 quod

1287 1004 1430 1039 verbum
1469 1004 1510 1039 ad
1546 1006 1681 1039 Currulo
1720 1005 1860 1053 propius
1898 1019 1995 1042 acce-

1285 1054 1357 1089 dit.
1388 1054 1553 1091 Aliorum
1579 1055 1647 1091 erit
1674 1054 1811 1092 felicius
1836 1055 1914 1093 heic
1941 1056 1997 1093 di-

1285 1116 1426 1139 vinare.

1166 1160 1198 1194 C
1233 1154 1367 1196 Crusca.
1405 1154 1548 1198 Furfur.
1586 1154 1781 1191 Tuscorum
1819 1170 1891 1193 vox
1927 1158 1994 1201 est,

1161 2052 1190 2086 E

1285 1202 1322 1239 δε
1360 1204 1444 1239 vilis
1481 1205 1623 1252 quidem
1661 1206 1710 1241 rei
1747 1219 1900 1248 nomen,
1938 1207 1993 1243 sed

1284 1254 1340 1289 cui
1370 1255 1500 1290 illustre
1524 1255 1626 1290 decus
1654 1269 1812 1302 peperere
1838 1258 1994 1294 doffiffi-

1284 1304 1335 1338 mi
1382 1304 1581 1338 Florentini
1600 1328 1610 1342 ,
1655 1305 1717 1350 qui
1764 1306 1993 1343 Academiam

1282 1352 1369 1385 della
1384 1353 1502 1396 Crusca
1523 1351 1735 1398 fundarunt,
1756 1354 1794 1390 ἃ
1816 1356 1993 1405 Linguam

1284 1402 1446 1437 Italicam
1475 1401 1638 1452 singulari
1675 1417 1753 1440 cum
1782 1407 1882 1442 laude
1910 1409 1994 1444 illu-

1282 1451 1383 1488 strare
1420 1463 1588 1502 pergunt.
1626 1455 1685 1490 Ab
1713 1455 1861 1505 antiquo
1897 1460 1994 1495 Teu-

1281 1503 1405 1539 tonico
1441 1505 1560 1549 Gaas,
1587 1506 1680 1553 quod
1718 1507 1829 1544 adhuc
1865 1509 1992 1559 Belgae

1281 1553 1469 1602 usurpant,
1499 1555 1706 1592 descendisse
1743 1556 1831 1594 hanc
1868 1572 1991 1596 vocem

1281 1604 1404 1640 auctor
1430 1605 1475 1641 est
1506 1607 1713 1656 Menagius.
1750 1608 1804 1644 Sit
1831 1610 1919 1658 apud
1947 1610 1994 1646 il-

1280 1656 1355 1691 lum
1385 1655 1493 1692 fides.
1523 1659 1614 1694 Nam
1653 1657 1745 1706 quod
1774 1659 1836 1695 ille
1872 1660 1991 1702 addit,

1280 1718 1406 1755 nempe
1429 1707 1518 1755 apud
1547 1708 1812 1757 Andegavenses
1836 1712 1870 1745 δε
1898 1713 1990 1747 Nor-

1280 1768 1427 1792 mannos
1451 1759 1618 1805 appellari
1640 1762 1750 1793 Gruau
1774 1759 1920 1795 farinam
1946 1775 1989 1797 ex

1280 1819 1411 1851 avena,
1441 1806 1696 1856 Du—Cangium
1725 1822 1864 1858 quoque
1901 1810 1989 1847 hanc

1278 1858 1317 1894 in
1344 1870 1415 1893 rem
1446 1859 1619 1894 advocans
1646 1858 1687 1894 ad
1724 1873 1847 1896 vocem
1875 1863 1990 1896 Gruel-

1278 1909 1365 1948 lum,
1390 1908 1425 1943 id
1454 1909 1602 1945 omnino
1629 1918 1727 1945 extra
1752 1910 1895 1947 chorum
1925 1912 1989 1948 est.

1279 1958 1432 2007 Agimus
1468 1959 1546 1995 heic
1575 1959 1616 1995 de
1654 1961 1812 2005 Furfane,
1840 1975 1910 1997 non
1947 1963 1988 1999 de

1278 2009 1424 2045 Farina.
1442 2009 1640 2046 Fureterius
1658 2024 1797 2059 quoque
1817 2011 1853 2047 in
1875 2016 1990 2048 Voca-

1279 2059 1416 2095 bulario
1431 2060 1573 2096 Gallico
1589 2072 1843 2098 commemorat
1858 2066 1988 2104 Gruau,

1279 2109 1346 2145 hoc
1382 2110 1427 2145 est
1454 2111 1609 2146 Farinam
1646 2125 1690 2147 ex
1716 2114 1863 2148 Avena.
1891 2115 1986 2149 Tum

1279 2159 1415 2196 subdit:
1445 2164 1490 2195 Ce
1515 2172 1577 2195 mot
1612 2163 1688 2196 vien
1723 2164 1762 2197 de
1788 2165 1984 2205 Grutellum,

1277 2210 1451 2255 diminutis
1483 2213 1519 2246 de
1555 2215 1716 2248 Gratum.
1754 2217 1816 2249 Les
1855 2213 1985 2249 Italiens

1277 2262 1382 2306 disent
1409 2262 1523 2306 Crusca
1548 2264 1591 2297 (θ’
1617 2264 1660 2297 les
1685 2265 1862 2300 Flamands
1886 2265 1985 2296 Grut-

1277 2322 1328 2347 te.
1356 2315 1409 2346 En
1446 2314 1589 2360 quelques
1624 2314 1709 2348 lieux
1733 2328 1771 2348 on
1804 2313 1853 2347 dit
1887 2312 1985 2346 Gruel

1278 2362 1324 2399 ὅθ’
1352 2366 1453 2399 Grut.
1483 2364 1633 2399 Fallitur
1663 2365 1718 2399 vir
1751 2361 1891 2396 doetus:
1923 2375 1983 2397 ne-

1277 2426 1344 2461 que
1372 2414 1467 2449 enim
1498 2414 1693 2450 Tuscorum
1707 2411 1822 2454 Crusca
1850 2411 1982 2460 {ignifi-

1276 2472 1334 2499 cat
1360 2464 1537 2503 Farinam,
1573 2463 1626 2498 sed
1662 2461 1851 2504 Fursuvem.
1885 2464 1983 2497 Tan-

1275 2514 1352 2550 dem
1381 2514 1432 2551 ait
1466 2511 1674 2560 Menagius,
1701 2524 1719 2548 e
1754 2512 1852 2547 Grais
1878 2513 1981 2549 effor-

1852 2574 1926 2598 ma-
