2169 3047
419 206 505 247 723
696 189 1130 249 ANTIQUIY.

412 301 505 338 diem
539 300 594 335 18.
623 300 747 343 Junii,
783 301 816 336 &
856 301 1015 337 colleffls
1046 303 1123 337 An-

408 363 458 388 no
481 351 779 388 Mcccxxvn.
809 352 957 388 Reddita
979 352 1046 389 fuit
1071 355 1120 388 in—

410 401 572 437 columitas
594 401 747 438 Riccardo
770 405 809 437 de
828 404 1044 445 Claromonte,
1067 407 1123 452 qui

408 455 452 490 ab
477 464 563 487 utero
587 453 698 488 mam‘s
721 455 797 498 luae
823 456 959 499 crepuit.
987 458 1037 491 De
1060 470 1122 503 qua

406 503 597 547 infirmitate
632 503 769 546 constitit
807 516 862 551 per
894 506 1121 551 jusjurandum

405 554 572 590 Ventormi
589 553 628 588 de
647 555 865 594 Claromonte,
889 556 944 602 qui
964 556 1002 590 ob
1022 558 1120 604 ipsam

404 603 626 647 infirmitatem
653 605 750 639 eidem
779 606 909 641 Nicolao
941 607 975 642 in
1011 608 1120 650 femore

405 655 450 689 <9⁴
474 655 599 695 testibus
626 656 760 690 Bracale
786 657 951 703 imposuit.
980 659 1118 695 Fortas-

402 704 438 740 se
462 704 583 740 fascias
607 705 707 742 hasce
732 707 871 753 Sarpius
897 710 1113 745 commodi&

401 768 456 792 res
484 769 523 791 ac
552 756 714 793 utiliores
751 758 874 807 aliquo
900 760 1117 797 additamen—

403 814 443 842 to
472 806 628 844 effecerit
645 834 655 844 .

350 858 529 894 Bramare.
560 860 758 895 Vehementer
782 864 920 908 Cupere.
958 863 1115 899 Monofi-

401 908 482 945 nius
504 910 537 944 &
565 910 732 947 Nicorius
755 926 772 948 a
795 919 914 955 Βρὶιμω,
933 914 1016 950 idest
1039 918 1111 950 Fre-

402 972 473 999 mo,
500 961 650 1005 Resono:
687 965 865 1001 Ferrarius
889 967 931 1002 ab
958 966 1117 1014 Hispano

400 1012 570 1051 Humbre,
608 1011 826 1062 fignificante
866 1020 1020 1056 Famem,
1051 1017 1117 1053 hoc

401 1062 547 1097 verbum
573 1065 762 1101 arcessunt.
787 1069 958 1116 Menagio
984 1077 1117 1108 praeter

400 1123 536 1147 morem
564 1113 641 1148 heic
669 1115 786 1151 haeret
813 1131 902 1152 vox.
933 1121 1050 1153 Meam
1078 1132 1115 1153 0-

399 1161 584 1210 pinionem
614 1164 788 1213 accipito.
815 1172 938 1202 Amare
964 1182 1025 1207 pro
1051 1172 1114 1203 Cu-

397 1221 470 1258 pere
490 1211 698 1258 usurparunt
722 1217 879 1265 Majores
904 1219 1029 1255 nostri.
1055 1223 1113 1254 Pe—

399 1274 524 1297 ramare
559 1277 620 1306 pro
654 1266 851 1303 Vehementer
879 1274 1025 1315 Amare,
1061 1270 1115 1306 seu

399 1315 611 1359 ardentr'ffi'me
650 1319 770 1363 Cupere
793 1345 802 1353 .
845 1322 910 1356 Pro
950 1324 1116 1356 Per-amare

398 1366 552 1398 Pramare
576 1388 587 1403 ,
624 1378 663 1400 ac
706 1367 845 1401 tandem
886 1371 1115 1415 pronuntiato

399 1412 530 1448 leniter
567 1417 605 1449 P.
642 1418 796 1451 Bramme
833 1417 1016 1455 invaluit.
1061 1419 1115 1455 Ira

399 1475 419 1498 e
449 1463 611 1508 Peruffare
647 1464 846 1504 videbimus
884 1469 974 1505 infra
1011 1471 1108 1506 effor-

399 1523 536 1548 matum
577 1516 742 1561 Brusare,
779 1520 961 1555 Bruciare:
997 1520 1033 1557 ἃ
1073 1522 1114 1557 ab

398 1565 599 1610 Experulare
618 1566 780 1602 Sbrollare
804 1570 846 1606 ad
870 1585 993 1607 vocem
1019 1574 1114 1607 Brul-

398 1614 431 1648 lo
459 1614 625 1652 emerfiffe
664 1619 823 1666 patebit.
864 1624 914 1657 At
952 1622 1029 1658 heic
1059 1623 1111 1658 in—

399 1665 553 1702 tercedit
590 1667 711 1717 Scipio
749 1672 912 1719 Maffejus
950 1673 1114 1709 Man-chio

397 1716 468 1752 Vir
504 1717 676 1763 Clariss.,
716 1722 778 1770 qui
817 1723 898 1760 Lib.
937 1726 999 1761 XI.
1038 1738 1114 1774 pag.

397 1777 486 1814 313.
516 1770 677 1806 Veronae
706 1773 924 1817 ministratae,
962 1789 1024 1811 nos
1052 1776 1107 1811 do

399 1818 480 1860 ces,
513 1820 687 1864 propriam
721 1822 819 1859 fuifl'e
846 1838 970 1861 vocem
1003 1827 1114 1867 plebis

399 1866 555 1904 Latinae
571 1873 740 1916 Bramosus
752 1898 762 1913 ‚
778 1888 849 1921 quo
867 1885 935 1911 tem
944 1891 1024 1920 pore
1041 1879 1107 1913 cul-

399 1917 511 1954 tiores
538 1922 682 1969 Cupidus
709 1924 891 1962 dicebant.
929 1930 1049 1976 Atque
1078 1929 1114 1963 in

399 1967 492 2005 hanc
522 1984 594 2007 rem
627 1974 748 2011 laudat
776 1978 977 2014 Sermonem
1006 1979 1112 2015 Oeta-

399 2032 484 2055 vum
516 2019 556 2055 de
584 2025 735 2065 Exodo,
771 2028 805 2061 8(
837 2030 1038 2066 Sermonem
1076 2030 1113 2066 in

399 2070 528 2108 Psalm.
556 2088 617 2122 49.
654 2089 672 2111 a
703 2078 829 2113 San&o
858 2081 1001 2117 Zenone
1030 2094 1110 2116 con-

399 2120 571 2169 scriptos,
601 2126 662 2174 qui
690 2129 814 2163 Seculo
841 2130 970 2166 Christi
997 2134 1110 2177 Quar-

398 2177 441 2206 to
478 2174 623 2212 floruit.
665 2177 809 2222 Quippe
849 2178 900 2214 ibi
948 2183 1113 2220 Bramosus

399 2223 579 2260 occurrit.
617 2228 681 2262 Sed
720 2228 868 2265 minime
895 2230 1111 2270 dostiffimus

397 2272 471 2309 Vir
494 2274 768 2318 animadvertit,
789 2281 881 2327 quod
910 2292 1024 2319 tamen
1051 2298 1111 2319 an-

397 2331 457 2360 tea
487 2327 782 2365 animadverterat
814 2333 1042 2381 Du·Cangius
1072 2335 1109 2370 in

401 2378 550 2414 Gloffar.
570 2380 761 2416 Latinitat.
784 2380 918 2419 scilicet
944 2386 1108 2421 vitiatam

400 2427 453 2464 ibi
484 2443 605 2467 vocem
642 2432 706 2467 effe
735 2435 929 2476 Bramofus,
964 2437 997 2471 ὅ(
1027 2436 1108 2471 scri-

401 2479 551 2517 bendum
591 2485 784 2527 Brumosus,
822 2487 878 2521 vel
916 2488 1111 2521 Bromosm:

399 2543 472 2582 quo
498 2532 641 2583 quidem
669 2535 842 2573 vocabulo
866 2536 944 2574 usus
969 2550 1109 2587 quoque

1178 189 1428 236 MEDJJ
1470 193 1664 236 AEVJ
1850 214 1937 253 724

412 250 490 287 tani
523 261 543 283 a
581 249 618 284 P.
659 249 898 294 papebrochio
934 250 1040 286 editis
1082 250 1123 287 ad
1157 253 1191 290 A

1286 250 1356 289 fuit
1400 251 1522 289 iisdem
1569 253 1786 300 temporibus
1832 256 1992 294 Ruffinus

1283 303 1366 340 Lib.
1387 316 1421 351 3.
1447 306 1489 340 de
1510 305 1607 341 Vitis
1636 307 1800 354 Patrum3
1827 308 1906 343 Hoc
1933 322 1993 345 au—

1237 373 1243 377 -
1282 363 1357 390 tem
1386 354 1601 404 significabat
1632 358 1823 401 Foexiaum,
1854 360 1994 394 Immun-

1282 407 1382 446 dum,
1419 420 1437 442 e
1473 409 1608 444 Graeco
1637 411 1763 453 Βρόμιος,
1800 408 1883 444 idest
1910 413 1995 445 Gra—

1282 458 1461 497 veolentia,
1489 461 1622 502 Foetor,
1661 460 1714 496 uti
1753 460 1820 506 jam
1853 461 1992 496 Turne-

1285 507 1348 542 bus
1370 519 1571 543 monuerat.
1590 511 1695 545 Certe
1719 511 1903 554 Bramosum
1923 525 1992 547 con-

1282 558 1435 599 vivium,
1472 557 1510 592 &
1540 560 1707 601 Bramosae
1738 564 1867 604 pecudes
1904 562 1993 610 apud

1282 607 1448 643 Sanetum
1494 611 1671 644 Zenonem
1719 622 1782 654 pro
1824 613 1994 658 Cupidus,

1284 659 1420 694 nullum
1440 658 1564 707 justum
1582 658 1714 695 sensum
1736 659 1904 696 reddunt.
1925 664 1996 698 La-

1283 710 1397 745 cerda
1433 722 1572 758 quoque
1609 712 1696 758 Cap.
1737 723 1817 757 124.
1857 712 1996 749 Adver-

1283 758 1402 796 satior.
1431 759 1522 795 idem
1562 761 1878 797 animadverterat.

1233 811 1395 847 Branche.
1432 813 1586 846 Ferarum
1621 814 1712 857 pedes
1747 814 1906 859 unguibus
1938 827 1993 849 ar-

1282 861 1384 897 mati.
1415 863 1553 897 Multus
1581 862 1625 897 est
1654 863 1840 912 Menagius
1869 864 1906 899 in
1930 878 1992 901 ex-

1283 911 1445 959 piscanda
1465 912 1563 948 vocis
1584 912 1685 959 hujus
1705 913 1865 962 origine,
1887 927 1992 961 quam

1282 963 1316 998 δε
1344 976 1408 1011 ego
1436 962 1548 999 fateor
1575 963 1757 999 abstrusam
1774 991 1782 1000 .
1812 965 1993 1002 Salmasius

1282 1014 1319 1050 in
1358 1014 1518 1049 Solinum
1557 1028 1574 1050 a
1613 1016 1782 1050 Brachium
1819 1015 1994 1060 deduxit,

1282 1077 1353 1099 non
1381 1064 1606 1101 inverifimili
1635 1066 1856 1114 conjeffiura.
1887 1069 1995 1102 Atta-

1281 1127 1360 1149 men
1403 1116 1573 1162 pedibus‚
1617 1115 1685 1152 five
1728 1118 1913 1157 manibus,
1954 1116 1993 1154 &

1281 1164 1480 1214 unguibu83
1510 1179 1581 1200 non
1610 1169 1692 1202 νει-ὸ
1723 1167 1880 1202 Brachiis
1910 1180 1996 1203 con-

1281 1218 1375 1262 gruit
1406 1215 1617 1264 significatio
1647 1217 1810 1252 vocabuli
1840 1221 1991 1254 Brunca.

1282 1268 1462 1302 Praeterea
1499 1280 1561 1301 nos
1599 1281 1617 1302 e
1648 1268 1821 1301 Brachium
1859 1269 1993 1304 Latino

1280 1316 1545 1350 efformavimus
1566 1317 1729 1351 Italicum
1749 1319 1899 1360 Braccio,
1921 1332 1993 1354 non

1281 1369 1426 1400 Brunca.
1465 1365 1676 1413 Men-agius,
1705 1366 1766 1413 qui
1804 1380 1821 1402 e
1858 1368 1991 1404 Latino

1281 1419 1404 1450 Ramus
1431 1429 1490 1463 per
1515 1419 1588 1451 vim
1619 1427 1726 1452 traxit
1755 1420 1870 1458 Fralca
1896 1420 1994 1453 Tral-

1280 1467 1344 1509 cio‚
1370 1468 1403 1501 &
1432 1466 1605 1515 quidquid
1635 1466 1695 1502 fibi
1725 1469 1880 1515 placuit,
1910 1468 1992 1505 hinc

1280 1517 1387 1553 etiam
1418 1521 1545 1553 Brunca
1572 1517 1682 1554 haufit
1699 1543 1709 1557 ‚
1741 1519 1908 1567 suumque
1935 1519 1992 1555 in·-

1282 1581 1472 1617 congruum
1513 1569 1589 1604 sane
1620 1571 1774 1616 Etymon
1812 1569 1992 1605 Salmafia-

1280 1632 1327 1654 no
1357 1620 1543 1667 praetulit.
1575 1624 1716 1660 Ramus,
1745 1620 1890 1668 inquit,
1920 1625 1992 1656 Ra-

1280 1670 1346 1714 mi,
1365 1671 1536 1715 Ramicus,
1556 1673 1710 1708 lemica,
1727 1675 1862 1711 Rauca,
1883 1675 1991 1706 Bran-

1280 1734 1344 1756 σα.
1389 1721 1561 1768 Equidem
1600 1723 1697 1758 Galli
1739 1725 1881 1756 Brancbe
1922 1724 1990 1757 Ra-

1281 1783 1377 1806 mum
1406 1772 1538 1806 arboris
1576 1773 1773 1817 appellant.
1813 1773 1875 1806 Sed
1904 1772 1990 1819 quid

1280 1820 1330 1856 rei
1367 1821 1412 1856 est
1439 1825 1543 1856 Rama
1579 1835 1656 1857 cum
1697 1822 1824 1857 Italico
1862 1825 1989 1858 Brunca

1282 1871 1496 1920 fignificante
1524 1885 1686 1911 manum,
1709 1872 1764 1908 seu
1793 1874 1910 1919 potius
1933 1887 1991 1917 pe-

1281 1923 1357 1958 dem
1392 1922 1570 1958 fei-arum?
1611 1923 1707 1959 Mihi
1745 1933 1803 1959 aut
1841 1924 1992 1960 Latinae

1280 1973 1430 2021 originis
1447 1973 1490 2009 est
1512 1977 1633 2009 Brunca
1647 1988 1664 2016 ,·
1685 1986 1763 2009 narn
1782 1974 1874 2009 inter
1896 1973 1990 2009 Sari-

1281 2034 1397 2072 ptores
1426 2025 1476 2060 rei
1510 2025 1674 2073 Agrai-iae
1712 2025 1800 2071 apud
1827 2024 1990 2061 Goi‘ffium

1281 2075 1432 2112 Latinus
1475 2077 1634 2123 Togarus
1682 2080 1837 2111 Brancam
1874 2077 1989 2122 Lupi,

1281 2127 1313 2162 &
1346 2130 1499 2161 Brancam
1537 2127 1605 2167 Ursi
1641 2126 1815 2163 recenset.
1856 2129 1929 2162 Aut
1964 2124 1987 2159 fi

1281 2179 1493 2224 Scriptorem
1524 2178 1614 2213 hunc
1646 2191 1715 2214 non
1745 2177 1896 2216 Latina,
1932 2174 1986 2210 sed

1281 2228 1466 2265 Barbarica
1501 2230 1641 2265 Saecula
1678 2230 1812 2272 tulere,
1849 2225 1986 2283 veniam

1281 2291 1364 2328 peto
1406 2280 1652 2329 conjeleurae³
1694 2293 1782 2328 quae
1822 2275 1909 2312 mihi
1949 2289 1988 2311 m

1282 2341 1435 2366 mentem
1466 2332 1589 2368 venit.
1627 2331 1768 2367 Scilicet
1799 2341 1818 2363 e
1846 2330 1988 2374 Perango

1282 2381 1402 2417 sensim
1440 2382 1660 2419 efformatum
1696 2380 1766 2414 fuir
1803 2380 1986 2413 Bramme.

1280 2434 1426 2468 Certum
1466 2433 1538 2479 est;
1576 2437 1674 2474 Anqo
1711 2431 1877 2465 Latin-um
1911 2442 1986 2463 ver-

1280 2485 1360 2520 bum
1384 2483 1583 2530 fignificaffe
1601 2480 1782 2526 stringere.
1805 2479 1890 2515 Inde
1909 2482 1987 2514 An-

1274 2535 1404 2582 gustus,
1427 2537 1650 2580 A'ngtportus,
1671 2528 1709 2569 &
1728 2532 1869 2617 Anging
1894 2543 1987 2566 mor„

1874 2594 1934 2626 us,
