2169 3047
376 230 484 269 1043
715 209 1089 268 ANTJQMT.
1127 210 1342 256 MEDJJ
1377 211 1537 255 ΛΕνι
1565 174 1566 182 ¹
1770 232 1881 274 ιαμ

365 275 460 321 quod
503 271 614 308 altero
651 284 794 320 corpore
831 283 998 312 movere,
1035 278 1074 305 ut
1108 271 1143 306 A

365 325 484 359 locum
528 331 668 365 mutet,
708 332 768 358 aut
805 323 904 358 cadat
929 347 937 357 .
975 320 1072 356 Galli

365 374 487 410 eodem
517 373 612 410 sensu
640 373 805 409 adhibent
833 376 986 407 Heurter.
1013 372 1073 407 Ab

365 425 518 461 Arietare
544 423 701 468 Latino,
739 424 882 459 verbum
921 422 986 458 hoc
1014 422 1072 458 de-

365 476 531 512 scendiffe
576 475 742 522 opinatus
778 474 823 509 est
859 472 1073 522 Menagius.

366 526 491 563 Potius
519 525 755 561 deducendum
785 524 984 569 videretur,
1019 523 1073 559 uti

365 577 524 613 Mathias
552 575 745 611 Martinius
772 575 809 611 in
831 576 967 611 Lexico
990 574 1072 610 Phi-

365 626 524 675 lologico
552 626 695 670 docuit,
733 627 774 662 ab
812 626 957 674 antiqua
985 628 1072 660 Ger-

364 690 546 712 manorum
589 678 756 725 Lingua,
798 690 902 724 quam
947 677 1073 724 Belgae

362 728 517 763 retinent
558 726 594 762 in
641 727 698 762 sua
743 741 827 763 voce
869 730 993 761 Hurten
1034 725 1071 762 &

365 782 468 813 Hort.
497 778 611 826 Angli
643 791 782 825 quoque
810 789 840 812 to
868 780 954 811 Han
981 776 1075 812 usur-

366 838 483 877 pant,
532 828 588 864 sed
634 828 892 877 significatione
933 827 1076 873 latiori,

364 879 501 915 scilicet
523 892 585 927 pro
606 879 719 923 inferre
738 881 879 922 vulnus,
905 882 1076 919 damnum,

366 930 540 975 injuriam.
576 932 615 965 In
647 933 740 979 Lege
768 932 959 966 Alamann.
986 928 1076 977 Cap.

365 993 426 1029 99.
455 981 478 1016 l.
508 993 541 1016 2.
570 980 756 1018 habemus:
785 983 824 1016 Si
849 981 1007 1026 porcarius
1033 981 1075 1014 li-

361 1043 460 1078 gatus
487 1035 524 1066 de
550 1033 609 1066 via
638 1037 793 1068 Hortatus
808 1058 818 1073 ‚
849 1034 903 1067 vel
932 1030 1076 1067 battutas

359 1083 460 1126 suerit
481 1111 490 1125 ,
529 1082 611 1118 idest
631 1108 642 1122 ‚
680 1084 858 1119 violenter
894 1082 1049 1119 detrusus
1067 1109 1074 1117 .

366 1133 533 1169 Bfluzius
562 1133 650 1182 legit
677 1135 811 1176 oftaetus.
842 1136 894 1169 Ita
924 1134 960 1169 in
989 1135 1075 1180 Leg.

366 1184 470 1218 Salic.
498 1184 575 1218 Tit.
607 1196 663 1230 34.
690 1185 729 1218 Si
758 1185 828 1230 quis
856 1187 1012 1218 Baronem
1038 1185 1077 1217 de

365 1233 423 1267 via
451 1234 633 1270 Ortaverit.
667 1236 837 1270 Attamen
866 1243 939 1268 tam
970 1232 1075 1275 Itali,

365 1284 469 1329 quarn
509 1283 613 1316 ceteri
652 1284 779 1326 Populi
808 1297 826 1316 a
854 1282 987 1316 Latino
1016 1285 1073 1313 Ur—

361 1346 434 1378 gere
462 1331 638 1366 deduxisse
668 1331 757 1366 mihi
780 1331 967 1366 creduntur
987 1333 1073 1363 Hur-

366 1395 456 1417 tare.
495 1384 586 1418 Nam
618 1381 794 1417 barbarice
822 1395 864 1416 ex
895 1384 1014 1427 Urgent,
1042 1381 1075 1415 8(

369 1433 440 1475 Ursi
466 1433 696 1468 efformarunt
733 1436 865 1476 Unum,
902 1445 940 1467 ac
978 1431 1075 1467 deni-

367 1497 433 1530 que
462 1487 592 1519 Urtare.

319 1539 465 1570 Uvatta.
495 1534 606 1570 Vestis
643 1533 749 1582 usque
786 1533 826 1570 ad
865 1535 980 1576 talos,
1010 1546 1076 1580 qua

367 1585 464 1620 domi
506 1584 630 1631 hyeme
669 1594 817 1621 utuntur
854 1584 1076 1627 Lombardi‚

366 1636 500 1683 aliique
539 1636 579 1671 ad
618 1637 803 1672 arcendum
836 1635 970 1685 frigus.
1009 1637 1076 1670 Pu-

366 1700 403 1722 ra
442 1697 525 1734 puta
559 1688 790 1723 Germanicae
818 1688 978 1735 Linguae
1006 1700 1077 1721 vox

367 1737 432 1773 est.
462 1738 502 1773 In
531 1737 659 1775 Gloffis
690 1738 848 1774 Rhabani
886 1737 1005 1774 Mauri
1034 1741 1075 1772 U-

368 1799 430 1823 vas
458 1788 590 1824 dicitur
627 1790 793 1836 Deploidis
828 1789 961 1825 ammas
988 1790 1080 1834 usqne

370 1842 413 1874 ad
452 1841 544 1885 pedes
585 1841 794 1886 contingens.
837 1842 956 1876 Multa
999 1840 1080 1875 inde

373 1889 530 1926 derivata
559 1892 731 1926 Eccardus
759 1890 891 1932 adfert,
918 1893 1025 1928 Tom.
1053 1890 1081 1928 I.

373 1940 505 1977 Hister.
534 1944 656 1978 Franc.
684 1941 860 1978 Oriental.

662 2044 739 2134 Z

405 2197 514 2241 Affb.
556 2195 662 2241 Apud
704 2198 860 2230 Venetos
903 2195 1082 2239 Licham,

428 2245 606 2281 satellitem
630 2268 640 2283 ‚
687 2247 912 2290 „ffpparitorem
954 2246 1078 2295 fignifi-

373 2308 450 2333 cat.
478 2299 508 2331 A
531 2299 669 2334 Camere,
696 2298 853 2340 Capram,
882 2297 1083 2342 Chiappare‚

373 2348 511 2394 Zaffare
547 2346 717 2381 Offlavius
761 2346 935 2380 Ferrarius
973 2347 1084 2383 traxit

374 2411 520 2433 vocem.
544 2399 682 2433 Habeat
704 2395 762 2430 fibi
787 2396 881 2431 suum
906 2399 1082 2443 Etymon.

376 2450 468 2485 Illud
508 2448 641 2484 nemini
683 2447 919 2495 persuadeb?t.
957 2451 1080 2484 Mena-

375 2501 451 2548 gius
496 2498 621 2535 sincere
658 2498 787 2534 fatetur
824 2498 982 2537 ignotam
1022 2498 1083 2535 fibi

374 2552 550 2601 originem
591 2549 756 2587 vocabuli
805 2549 934 2599 hujus.
987 2550 1082 2586 Idem

1234 270 1346 307 fateor
1371 272 1405 306 &
1433 285 1517 320 ego.
1545 274 1625 310 Duo
1648 281 1764 311 tamen
1794 279 1937 314 addam.

1235 324 1373 371 Nempe
1398 322 1493 368 Zdfio
1515 324 1604 373 apud
1632 325 1806 374 Hispanos
1834 327 1941 377 figni-

1235 372 1338 409 ficare
1366 373 1545 411 hominem
1573 375 1759 421 rusticum,
1796 377 1940 415 inurba-

1234 437 1318 460 num
1333 453 1342 468 ,
1363 427 1396 460 &
1419 425 1598 461 communi
1619 425 1704 460 odio
1723 428 1939 469 obnoxium.

1233 476 1352 522 quales
1379 475 1442 512 effe
1470 474 1724 510 consueverunt
1751 479 1936 520 LiS’cores,

1233 526 1267 561 &
1304 527 1499 562 satellites.
1537 525 1595 561 Ad
1633 524 1716 561 haec
1752 529 1937 573 Abripere,

1232 575 1288 612 seu
1329 577 1450 611 Tollere
1491 577 1623 612 Arabes
1668 576 1792 613 dicunt
1832 579 1940 622 Zasa.

1231 628 1364 663 Munus
1404 627 1570 671 Zafflnum
1606 626 1703 674 (nos
1740 629 1862 672 Birri,
1903 630 1939 666 δι

1231 678 1336 711 Sbirri
1362 679 1601 724 appellamus,
1639 678 1735 725 cujus
1771 679 1871 714 vocis
1897 693 1939 716 ο-

1231 726 1310 775 rigo
1337 727 1446 762 adhuc
1476 728 1589 775 latet)
1618 728 1662 762 est
1689 741 1764 765 reos
1791 743 1939 771 capere,

1231 778 1356 826 eosque
1382 778 1603 826 Magistratui
1631 778 1758 816 fistere.
1784 780 1834 816 Hi
1855 780 1940 824 Zas-

1228 828 1340 873 sones,
1376 830 1411 864 δ(
1447 829 1615 864 Berruarii
1653 829 1793 866 fuerunt
1828 833 1939 868 etiam

1231 879 1452 928 nuncupati,
1494 890 1599 928 atque
1634 881 1722 916 olim
1760 881 1800 916 ad
1839 880 1940 917 mili-

1231 929 1318 965 tiam
1357 929 1509 966 adhibiti
1557 932 1686 967 lanceis
1724 933 1940 977 utebantur,

1232 980 1390 1027 miraque
1410 981 1573 1025 audacia,
1600 982 1825 1018 Huffarorum
1850 993 1942 1019 tem-

1231 1031 1326 1079 poris
1354 1032 1459 1068 nostri
1488 1046 1611 1078 more,
1649 1034 1807 1081 praedam
1838 1034 1942 1069 undi-

1231 1095 1298 1129 que
1327 1083 1610 1130 conquirebant,
1646 1097 1685 1120 ac
1722 1082 1791 1119 fine
1816 1083 1939 1120 ordine

1231 1132 1268 1168 in
1298 1133 1406 1169 hostes
1436 1134 1635 1170 irruebant.

1106 1171 1139 1208 C
1177 1183 1325 1224 Zancht',
1355 1184 1572 1219 Florentinis
1599 1186 1789 1228 Trampoli.
1817 1184 1943 1222 Calcei

1229 1232 1339 1279 lignei
1397 1233 1525 1279 species
1549 1259 1558 1268 .
1612 1232 1705 1268 Vide
1761 1234 1942 1270 Differtat.

1231 1284 1346 1312 XXV.
1375 1282 1414 1310 de
1441 1282 1617 1312 Textrina.

1178 1331 1318 1369 Zanna,
1347 1331 1478 1364 sanna.
1516 1331 1671 1362 Ferarum
1708 1332 1816 1365 Dens.
1845 1333 1943 1367 Dan-

1230 1387 1282 1415 tes
1309 1376 1454 1415 Cantic.
1483 1391 1542 1428 33.
1572 1378 1705 1416 Inferni
1744 1380 1888 1418 scribit:

1503 1496 1519 1516 e
1544 1481 1614 1516 coll‘
1629 1492 1716 1518 acme
1742 1486 1842 1518 scane

1230 1531 1288 1567 Μὶ
1312 1543 1410 1577 parea
1433 1533 1480 1568 lor
1497 1534 1593 1568 vedcr
1613 1534 1726 1578 sender
1751 1536 1779 1569 li
1798 1534 1943 1579 fiancbt'.

1232 1634 1290 1670 Ad
1319 1634 1563 1673 explicandam
1593 1649 1716 1672 vocem
1750 1636 1839 1672 hanc
1866 1640 1944 1672 sca-

1232 1699 1274 1720 na
1299 1699 1317 1729 ,⁸
1357 1687 1545 1722 Taffonius
1588 1687 1722 1730 noster,
1768 1687 1942 1724 Αυδὶοτεε

1232 1736 1463 1772 Vocabularii
1486 1738 1684 1774 Florentini
1699 1765 1708 1779 ,
1730 1740 1942 1787 Menagius,

1233 1800 1271 1822 ac
1299 1788 1385 1829 alii,
1424 1789 1535 1822 multa
1573 1790 1794 1831 attulerunt,
1832 1801 1942 1833 quum

1233 1836 1401 1884 nusquam
1448 1837 1533 1872 alibi
1576 1848 1764 1873 occurrat.
1809 1839 1944 1875 Omnes

1235 1902 1297 1936 pro
1334 1891 1472 1930 sanna,
1516 1886 1584 1923 five
1619 1890 1736 1922 Zanna
1772 1887 1944 1936 interpre-

1234 1948 1377 1987 tantur3
1416 1937 1453 1974 &
1483 1937 1561 1973 sane
1589 1939 1693 1974 aliter
1720 1939 1945 1983 interpretari

1236 2003 1306 2026 non
1345 1990 1449 2025 licet.
1481 1990 1534 2024 Ad
1574 2003 1628 2024 me
1664 1989 1755 2035 quod
1786 1990 1943 2036 attinet,

1236 2054 1383 2080 vereor,
1421 2054 1462 2075 ne
1493 2042 1623 2075 Danres
1660 2040 1736 2075 heic
1772 2039 1945 2076 dormita-

1236 2093 1316 2134 rit,
1354 2091 1525 2127 rationem
1568 2092 1712 2137 Rhyrmi
1753 2103 1822 2126 non
1861 2091 1944 2128 satis

1237 2152 1396 2178 accurate
1433 2142 1615 2177 retinens:
1638 2141 1811 2187 >sequitur
1846 2141 1943 2179 enim

1237 2194 1395 2232 Dimune,
1432 2193 1464 2227 &
1507 2196 1619 2228 Pane.
1665 2194 1742 2226 Hoc
1779 2191 1846 2231 est,
1883 2206 1946 2228 ve-

1237 2258 1340 2287 reor,
1371 2257 1412 2278 ne
1449 2243 1479 2278 is
1507 2256 1623 2278 revera
1659 2246 1766 2276 Sanne
1804 2241 1946 2289 scripse-

1238 2294 1308 2335 rit,
1337 2307 1406 2329 non
1443 2297 1568 2332 scane.
1606 2293 1698 2339 quod
1738 2292 1945 2338 postremum

1238 2345 1394 2380 Librarii
1418 2344 1677 2385 substiruerint,
1706 2353 1744 2379 ut
1766 2358 1782 2379 a
1807 2345 1944 2389 Rhyth-

1238 2409 1297 2431 mo
1322 2396 1341 2429 d
1362 2395 1529 2430 scordiarn
1553 2405 1794 2431 removerent.
1823 2395 1861 2430 In
1883 2406 1943 2427 an-

1238 2445 1434 2490 tiquiffimo
1480 2447 1614 2482 Codice
1656 2449 1760 2482 Msro
1807 2442 1944 2478 Estenfis

1239 2497 1510 2542 Blliorhecae,
1548 2499 1674 2534 Dantis
1712 2493 1944 2529 Comoediam

1238 2548 1521 2597 compleElente,
1562 2549 1692 2596 legitur
1730 2557 1792 2630 co}
1809 2540 1944 2630 ‘'l'acute

1793 2607 1807 2629 c
1831 2607 1894 2629 an-
