2169 3047
261 232 343 272 941
545 212 914 260 DISSERTATJO
946 215 1493 262 TRJGESJMAEEQJA
1691 239 1776 277 942

257 277 359 312 nobis
386 273 576 319 Rascbt'are‚
613 274 646 308 &
675 274 789 310 Gallis
825 277 965 311 Rasler.
986 278 1030 313 ιΑ

256 329 293 363 Α
321 327 491 370 Raschiare
526 324 749 360 efformatum
778 327 965 371 Rascbiola-

258 390 290 412 re
326 374 647 422 frequentativum,
675 375 768 422 quod
804 377 843 412 in
870 381 966 423 Καζ-

256 427 360 472 zolare
385 424 511 461 evasit.

205 488 423 532 Rattoppare.
439 485 620 530 Resarcire.
641 487 674 521 A
698 488 832 522 Graeco
852 480 965 523 Ψάπ-

258 556 336 580 'rezi’
359 544 559 580 descendere
584 546 731 594 nequit,
757 546 811 582 uti
834 548 965 582 Mono-

256 593 362 630 finius
386 595 616 644 opinabatur.
643 599 677 632 A
707 601 836 644 Toppa,
863 596 967 646 figni-

257 644 384 681 ficante
412 645 551 682 frustum
582 647 710 695 panni,
738 648 831 695 quod
859 648 967 684 insui-

257 703 316 732 tur
347 696 493 733 vestibus
532 699 687 738 attritis,
715 711 838 734 vocem
876 698 967 733 deri-

257 747 360 783 vavit
384 747 595 796 Memgius,
616 749 677 796 qui
702 750 736 784 &
762 749 880 793 addit,
908 763 968 797 pro
1016 746 1017 749 ¹

256 801 378 846 Stoppa
413 798 485 835 dici
524 814 542 834 a
580 799 680 835 nobis
718 804 857 844 Toppa:
892 804 968 834 onde

255 852 427 896 Stoppare.
455 850 517 885 Sed
539 850 660 886 salsum
683 850 749 894 est,
777 852 884 886 Italos
905 864 968 885 un-

256 913 361 946 quam
392 900 582 936 adhibuisse
619 905 729 949 Toppa
756 915 818 950 pro
847 905 968 947 stupa.

254 951 443 988 Diversum
482 965 621 1000 quoque
658 957 693 987 O.
722 953 759 987 in
797 956 906 999 Toppa
934 952 968 986 &

255 1004 396 1049 διαρρα,
418 1002 588 1038 diversam
612 1003 786 1052 originem
814 1003 968 1038 indicat.

255 1053 382 1088 Subdit
418 1054 632 1103 Menagius:
677 1057 732 1090 Da
770 1058 969 1100 Rattoppare

254 1105 403 1150 vogliono
429 1106 555 1144 alcuni,
575 1105 627 1146 fia
647 1105 784 1148 formato
811 1105 837 1137 il
861 1106 967 1138 Fran-

254 1155 315 1197 cese
350 1156 538 1188 Radouber.
577 1154 640 1187 Sed
678 1153 800 1187 mirari
843 1152 967 1200 poffis,

252 1202 428 1237 eruditum
459 1201 544 1237 adeo
569 1201 686 1237 virum
716 1201 809 1237 nihil
836 1215 879 1237 ex
908 1201 967 1237 ista

251 1251 330 1288 luce
360 1251 558 1299 profecisse.
586 1253 766 1288 Gallicum
799 1254 968 1288 Radouber

252 1301 297 1336 est
326 1314 449 1348 purum
489 1311 611 1347 putum
641 1304 885 1335 Re-Adouher.
912 1307 956 1336 A

253 1351 369 1385 douber
407 1352 489 1385 vexo
525 1350 569 1384 est
607 1350 756 1386 nostrum
794 1353 967 1394 Adobare,

254 1401 296 1436 de
333 1414 401 1448 qua
438 1414 525 1436 voce
557 1400 612 1450 egi
641 1400 678 1436 in
718 1401 968 1436 Differtatione

253 1453 356 1488 LIII.
383 1453 427 1486 de
458 1451 593 1493 institut.
623 1452 730 1487 Milit.
769 1452 967 1487 Florentini

252 1515 347 1538 nunc
376 1502 531 1538 scribunt
558 1502 779 1538 Addobbare:
816 1511 852 1538 at
879 1503 966 1538 olim

253 1552 469 1589 scribebatur
503 1555 680 1590 Adebare.
724 1554 833 1589 Porro
873 1553 966 1589 idem

254 1613 328 1640 erat
355 1603 509 1640 Adohare
545 1618 610 1640 una
646 1604 736 1649 casa,
764 1618 828 1639 una
864 1618 966 1643 nave,

253 1663 359 1703 atque
383 1655 526 1691 domum
549 1656 606 1691 vel
629 1655 749 1691 navim
770 1655 870 1690 rebus
891 1668 966 1690 om-

253 1705 356 1741 nibus
385 1706 580 1742 necessariis
610 1719 648 1742 ac
675 1704 884 1754 opportunis
912 1706 965 1741 in-

252 1755 397 1792 struere.
436 1757 471 1792 Si
501 1757 592 1792 male
620 1756 811 1792 habebatur
845 1769 963 1792 exera-

251 1807 305 1855 pli
324 1806 438 1842 caussa
457 1808 569 1843 Navis
589 1820 606 1842 a
628 1807 792 1856 procellis
805 1834 813 1850 ‚
831 1820 849 1842 a
866 1820 963 1855 proe*

251 1857 336 1901 liis,
365 1868 448 1893 tunc
486 1858 616 1893 neceffe
652 1867 725 1893 erat
761 1857 871 1905 ipsam
899 1862 965 1892 Re—

252 1910 425 1951 Adobum,
453 1907 521 1943 five
550 1908 735 1953 Resarcire.
774 1908 878 1944 Nihil
907 1922 964 1943 au-

253 1967 326 1994 tern
356 1958 450 1994 aliud
479 1958 617 1994 videtur
644 1963 864 2005 Rattoppare‚
890 1972 967 1994 ver-

255 2009 337 2044 bum
381 2009 627 2044 Florentinum
669 2009 719 2057 (a
756 2010 966 2045 Lombardis

253 2059 483 2107 neutiquam,
521 2068 561 2095 ut
598 2068 706 2108 puto,
736 2059 965 2108 usurpatum)

252 2109 318 2145 nifi
346 2110 438 2146 idern
467 2113 709 2151 Re-Adobare,
737 2124 834 2147 more
870 2113 965 2147 Teu—

252 2168 378 2197 tonum
418 2162 706 2209 pronuntiatum:
747 2175 827 2197 nam
866 2161 893 2197 ii
922 2165 964 2196 D.

252 2221 467 2247 convertunt
494 2212 530 2248 in
559 2216 599 2247 T.
626 2211 663 2248 ὃς
693 2215 734 2248 Β.
764 2213 801 2248 in
829 2216 868 2248 P.
897 2214 966 2247 At-

252 2275 321 2311 que
343 2262 424 2298 inde
446 2262 534 2311 apud
565 2276 690 2310 paucos
711 2276 728 2298 e
754 2263 862 2311 vulgo
884 2264 967 2298 Flo-

253 2313 395 2349 rentino
431 2313 587 2349 invaluit
625 2317 737 2360 Toppa
777 2327 838 2362 pro
876 2312 966 2362 frag-

255 2375 378 2400 rnento
400 2365 506 2412 panni
530 2364 569 2399 ad
590 2363 819 2400 resarciendas
841 2365 966 2401 vestes.

255 2413 314 2448 Est
353 2415 459 2450 etiam
500 2414 759 2451 Mutinensibus
800 2419 967 2462 Toppare‚

258 2462 452 2510 significans
491 2465 676 2509 Verberare,
704 2464 743 2501 δε
780 2468 899 2501 Μεηαν
934 2466 968 2501 la

261 2515 387 2559 Toppa.
409 2516 514 2565 Quod
536 2516 671 2556 nescio,
692 2525 871 2552 ortum-ne
893 2515 967 2552 fue-

260 2561 310 2600 rit
340 2575 358 2598 e
386 2564 468 2602 sono
505 2566 708 2612 verberum,
736 2580 841 2617 quem
877 2566 967 2605 dici-

1127 290 1203 313 mus
1231 276 1404 320 Tip-Top,
1433 290 1475 311 an
1504 279 1621 325 potius
1649 293 1666 315 e
1691 284 1838 317 Germa-

1126 328 1209 364 nico
1255 326 1387 371 Toben‚
1433 326 1648 375 significante
1693 335 1837 378 Furere,

1125 379 1282 415 Saevire.

1075 430 1284 467 Ravanello.
1321 430 1525 476 Raphanm.
1564 432 1713 477 Nescio,
1751 434 1837 484 quid

1128 481 1189 517 fibi
1227 479 1317 516 velit
1353 480 1561 529 Menagius‚
1590 495 1697 530 quum
1736 486 1838 521 nobis

1129 534 1195 568 hoc
1216 534 1373 577 Etymon
1397 532 1577 567 venditat.
1602 537 1742 578 Ruvus,
1768 539 1842 570 Ra..

1129 597 1196 626 va,
1217 587 1398 622 Raevunus,
1419 583 1646 619 Ravanellus.
1675 584 1842 624 Nostrum.

1130 634 1314 670 Ravanello
1338 633 1382 669 est
1406 633 1587 682 ipfiffimus
1613 635 1844 684 antiquorum

1130 685 1331 732 Raphanus,
1376 684 1593 721 diminutive
1635 686 1840 735 usurpatus.

1130 742 1248 772 Ravus
1272 735 1316 771 est
1340 736 1494 780 Obtusus,
1519 735 1681 784 nihilque
1703 738 1752 774 rei
1779 739 1842 775 ha-

1132 789 1190 823 bet
1226 799 1306 823 cum
1342 785 1478 823 Latino
1514 785 1571 822 seu
1607 789 1742 824 Graeco
1769 794 1844 825 Ra-

1127 839 1273 884 phamas.

1080 892 1222 937 Regulo.
1243 892 1389 925 Donum.
1411 889 1609 926 Fureterius
1629 899 1689 927 aut
1709 892 1751 928 ab
1771 891 1844 928 Hi-

1131 940 1272 988 spanico
1300 942 1446 987 Regalo,
1473 951 1533 977 aut
1560 955 1579 977 a
1609 942 1744 978 Latino
1772 947 1842 978 Rs-

1127 992 1214 1038 galis
1238 991 1427 1039 profeE’cam
1454 991 1542 1028 hanc
1567 1006 1689 1028 vocem
1720 1001 1842 1042 putat.

1131 1042 1224 1077 Illud
1253 1052 1384 1078 certum
1414 1043 1482 1087 est,
1510 1052 1585 1079 tum
1623 1043 1732 1080 Italos
1764 1053 1843 1080 tum

1131 1094 1302 1132 Francos,
1324 1093 1500 1140 Hispanos
1521 1108 1681 1142 quoque,
1701 1096 1732 1130 δε
1755 1097 1845 1130 Ger-

1131 1154 1261 1177 manos
1294 1144 1466 1178 vocabulo
1504 1145 1567 1178 isto
1604 1145 1680 1180 uti.
1721 1147 1846 1192 Itaque

1130 1191 1343 1232 videndum,
1371 1205 1454 1227 num
1493 1194 1683 1229 Germania
1721 1203 1776 1230 tot
1806 1208 1846 1230 a·-

1130 1241 1258 1278 liarum
1281 1256 1408 1278 vocum
1430 1252 1562 1283 mater,
1585 1257 1672 1291 quae
1693 1257 1753 1293 per
1775 1247 1848 1281 Oc=

1131 1293 1306 1326 cidentem
1336 1294 1460 1327 effusae
1488 1294 1587 1335 sunt,
1616 1294 1705 1329 hanc
1733 1296 1844 1332 etiam

1131 1341 1233 1375 nobis
1261 1341 1415 1376 dederit.
1441 1343 1546 1390 Apud
1578 1352 1709 1379 veteres
1736 1346 1847 1381 Italos

1131 1391 1332 1436 exemplum
1361 1391 1463 1440 hujus
1491 1393 1654 1429 vocabuli
1688 1395 1845 1432 nondum

1130 1441 1282 1481 offendi,
1310 1443 1362 1478 ita
1399 1453 1439 1478 ut
1467 1442 1573 1480 serius
1611 1445 1653 1480 ad
1690 1459 1753 1482 nos
1783 1460 1845 1483 ve-

1131 1492 1216 1528 niffe
1250 1492 1432 1530 videatur.

1080 1546 1261 1581 Rematico.
1287 1545 1327 1578 In
1348 1545 1586 1582 Vocabulario
1611 1548 1843 1596 Florentino,

1131 1594 1216 1642 quid
1245 1607 1316 1629 vox
1350 1593 1410 1630 ista
1437 1594 1607 1644 significet
1645 1598 1736 1634 hisce
1766 1613 1845 1636 ver-

1132 1644 1185 1680 bis
1212 1644 1430 1691 explicatur:
1463 1648 1624 1681 Remmia
1651 1648 1684 1682 in
1711 1663 1782 1684 vece
1807 1652 1846 1685 di

1132 1696 1336 1731 aromatico,
1366 1694 1538 1737 L’ufiamo
1565 1709 1619 1742 per
1640 1699 1803 1745 fastidioso
1830 1716 1846 1735 e

1126 1746 1314 1791 fantastice.
1336 1746 1511 1791 Difficilis.
1535 1751 1688 1794 Vereor,
1709 1759 1747 1786 ut
1768 1751 1845 1787 vim

1133 1796 1297 1832 vocabuli
1326 1796 1459 1833 fuerint
1489 1799 1659 1847 affequuti
1689 1800 1846 1837 61οὲὶὶῧί-

1133 1848 1184 1883 mi
1212 1848 1423 1896 Scriptores.
1451 1851 1526 1894 Cose
1562 1851 1766 1896 Rematiche,
1794 1853 1847 1896 af-

1127 1899 1198 1943 fare
1223 1899 1407 1943 Rematiw,
1433 1900 1563 1946 aziam,
1588 1915 1605 1936 o
1628 1904 1701 1937 roba
1726 1907 1847 1938 Rema-

1132 1949 1195 1985 tica
1231 1963 1293 1985 nos
1329 1950 1501 1987 dicimus:
1540 1952 1624 1989 idest
1659 1965 1755 1997 rem,
1783 1967 1845 1990 ne-

1133 2000 1270 2049 gotium
1285 2028 1295 2044 ,
1318 2001 1503 2046 aFtumve,
1525 2003 1587 2051 qui
1612 2003 1634 2038 fi
1661 2004 1844 2045 audiatur,

1133 2052 1312 2086 horrorem
1350 2053 1506 2097 excitet,
1543 2063 1604 2090 aut
1640 2053 1662 2089 fi
1701 2065 1845 2102 agatur,

1133 2101 1233 2150 gravi
1260 2103 1369 2150 poena
1393 2101 1433 2137 fit
1458 2102 1604 2151 dignus.
1632 2105 1844 2141 Mutinenfis

1133 2151 1234 2200 vulgi
1263 2152 1444 2188 Dialefi'ms
1480 2153 1595 2203 reapse
1623 2168 1766 2191 concors
1801 2156 1847 2191 est

1133 2215 1212 2238 cum
1255 2202 1504 2250 opinantibus,
1547 2206 1711 2241 Rematico
1751 2206 1846 2243 idem

1133 2253 1199 2289 effe
1235 2263 1339 2301 atque
1377 2255 1579 2292 Aromatico.
1618 2256 1781 2293 Dicimus
1810 2272 1848 2293 e-

1133 2303 1208 2339 nim
1237 2303 1332 2340 Roba
1358 2306 1545 2342 Romatica.
1575 2307 1637 2343 Sed
1666 2321 1736 2343 non
1767 2322 1845 2345 eam

1133 2354 1198 2391 effe
1235 2368 1357 2392 veram
1394 2356 1567 2403 originem
1612 2358 1709 2394 vocis
1752 2359 1844 2396 mihi

1134 2405 1346 2455 persuadeo,
1387 2420 1495 2454 quum
1541 2409 1731 2453 Rematiw,
1773 2422 1844 2446 non

1133 2458 1299 2492 Romatico
1335 2456 1497 2493 meliores
1534 2459 1671 2495 dicant.
1704 2462 1844 2496 Praete-a

1133 2521 1207 2544 rea..
1232 2508 1404 2544 vocabulo
1446 2507 1510 2544 isto
1547 2509 1717 2558 designare
1755 2524 1844 2558 quo-

1134 2558 1323 2595 dammodo
1360 2559 1523 2596 volumus
1557 2573 1630 2596 rem
1654 2560 1845 2606 foetentem:

1698 2621 1794 2670 quod
