2169 3047
381 215 490 254 1027
729 196 1092 255 ANTIQUIT.
1130 194 1342 240 MEDII
1376 194 1536 239 ARV]
1776 203 1884 244 1028

368 255 582 297 madvertit‚
621 270 640 293 a
666 270 734 305 qua
762 257 894 304 prodiit
921 261 1076 303 Trappa,
1115 257 1143 292 A

368 309 408 345 in
438 307 561 355 Legib.
591 309 692 344 Salic.
729 308 805 343 Tit.
842 319 875 354 7.
906 319 1073 342 memora-

369 368 428 397 ta,
467 373 528 408 pro
558 360 735 406 Decipula,
773 357 840 392 five
868 358 1051 404 Muscipula
1069 384 1076 392 .

370 411 470 447 Hinc
513 413 631 456 Treppe
672 407 910 448 Saxonicum,
953 412 1078 455 Trappe

373 461 577 499 Gallicum,
615 463 702 503 Trap
730 458 922 507 Anglicum
940 486 950 502 ,
978 472 1016 494 ac
1046 460 1076 493 I-

373 512 521 548 talicum
564 512 752 555 Trappola.
796 512 825 543 A
865 512 996 555 Trappa
1035 508 1079 543 est

374 562 515 610 quidem
547 560 726 595 Gallicum
749 562 951 605 Attrapper‚
977 562 1079 603 Cape-

374 627 407 647 re
432 638 442 653 ‚
490 611 635 654 Decipere
657 622 673 643 .·
722 610 1015 657 quemadmodum
1062 622 1080 644 a

374 666 406 698 T
408 661 536 707 rappola
572 660 830 695 Mutinensibus
866 660 911 695 est
939 664 1079 703 ,Δειναρ-

373 713 502 760 palare,
530 711 623 758 quod
652 709 745 745 idem
774 709 972 759 fignificat3
1011 723 1080 745 non

377 765 462 798 vero
498 765 645 808 Tromper
682 774 700 797 a
737 764 861 807 Trappe
896 761 994 796 Galli
1024 760 1081 795 de-

378 813 580 855 duxerunt,
616 810 669 847 uti
707 811 892 860 Menagius
921 811 965 846 est
992 809 1082 846 arbi-

379 873 491 900 tratus
509 890 516 898 .
547 862 745 898 Fureterius
772 875 790 897 e
818 862 980 901 Celtica,
1017 861 1085 896 sive

379 913 529 951 minoris
562 913 765 948 Britanniae
801 926 888 948 voce
924 916 1085 959 Trompa,

380 978 470 1012 quae
500 965 646 1007 Decipere
673 962 865 1012 fignificat,
902 961 940 999 &
977 966 1086 997 Trom-

378 1017 470 1064 pler‚
497 1018 666 1061 Deceptor,
693 1024 812 1050 ortum
839 1013 954 1050 censet
978 1017 1087 1048 Trom-

381 1077 436 1113 per
462 1065 662 1101 Gallicum.

332 1117 550 1159 Trasiullare.
577 1115 761 1151 Oblefft‘are.
789 1114 1018 1157 Trastullarfi.
1047 1118 1088 1147 Ο-

383 1167 536 1201 Μεέῖανὶ.
572 1165 757 1208 Trallullo,
798 1165 1090 1199 OblecJamentum.

384 1215 572 1264 Menagius
601 1214 679 1250 heic
707 1214 808 1250 nobis
835 1214 1011 1250 exsultans
1031 1227 1087 1249 oc-

384 1266 520 1303 currit,
557 1264 595 1298 &
633 1264 704 1297 ait:
745 1265 807 1296 Cha·
832 1276 935 1303 cerea,
971 1273 1091 1302 trava,

383 1315 450 1350 dice
492 1313 518 1346 il
557 1311 720 1358 proverbio
746 1335 756 1345 .
802 1313 853 1343 Ho
894 1312 1093 1355 lungamente

385 1374 504 1399 cereata
538 1361 561 1396 l’
580 1361 699 1409 origine
733 1360 770 1394 di
804 1359 909 1407 questa
944 1372 1042 1404 voce,
1079 1372 1094 1392 e

379 1414 568 1461 finalmente
594 1412 617 1446 l’
634 1414 671 1447 ho
697 1420 844 1460 novata.
872 1409 1008 1458 Accipe
1031 1408 1093 1459 „fe-

385 1465 441 1502 lix
458 1465 642 1500 inventum
656 1489 664 1497 .
687 1464 780 1496 Viene
795 1460 893 1503 ficuro
906 1462 950 1495 da
969 1464 1093 1499 Trans,

388 1530 404 1551 e
430 1517 474 1551 da
499 1514 711 1549 Oblefiulare.
740 1513 835 1547 Tum
866 1511 1028 1547 consueta
1051 1510 1092 1546 li—

389 1566 504 1602 centia
531 1563 782 1602 transformat,
809 1562 978 1598 immutat
994 1589 1005 1605 ‚
1031 1563 1093 1597 ob-

387 1625 528 1652 truncat
569 1616 635 1650 hoc
677 1616 820 1649 verbum
847 1641 858 1657 ,
903 1612 1092 1661 inquiens:

388 1666 608 1710 Obleffulare,
636 1666 752 1700 Tulare
770 1692 780 1709 ‚
808 1665 960 1703 Tublare,
989 1667 1095 1698 Tran-

382 1718 538 1762 fluitare,
565 1717 786 1759 Traltullare.
813 1715 986 1753 ORavius
1015 1717 1092 1749 Fer—

387 1769 498 1805 rarius
541 1769 628 1803 hanc
669 1776 789 1802 notam
827 1764 1014 1814 apposuit:
1053 1769 1096 1798 O-

388 1820 471 1854 tium
497 1817 654 1854 oblecflane
681 1818 693 1865 (
713 1817 795 1853 idest
821 1815 949 1862 paffano
976 1817 1001 1850 il
1021 1826 1094 1849 tem-

386 1880 428 1914 po
468 1869 705 1916 cunzonando)
745 1868 799 1915 qui
833 1870 874 1903 ab
908 1866 1097 1909 Oblefft'arffi

389 1921 587 1956 ebtet‘lulare
611 1944 622 1960 ‚
662 1919 857 1962 Trastutlare
897 1918 983 1952 trabi
1020 1914 1099 1962 poffe

387 1969 452 2012 fibi
491 1972 701 2015 persuadent.
743 1971 789 2005 Et
831 1968 915 2018 justa
956 1967 1097 2015 quidem

391 2018 558 2056 censura.
594 2023 718 2068 Neque
755 2019 850 2056 enim
888 2023 993 2054 Trans
1020 2030 1098 2053 cum

390 2068 589 2104 oblefiulare
631 2070 815 2115 congruit.
858 2069 972 2118 Ipsum
1015 2071 1100 2104 vero

391 2120 591 2156 Oblec‘lulare
631 2117 840 2154 somniatum
884 2121 987 2166 plane
1024 2132 1100 2153 ver-

391 2171 502 2212 bum,
537 2168 577 2206 &
604 2169 642 2206 in
671 2169 742 2204 sola
768 2169 931 2216 Menagii
957 2168 1100 2204 officina

395 2219 601 2269 procusum,
631 2233 733 2254 nemo
761 2232 831 2255 non
867 2218 988 2254 novit.
1029 2221 1100 2255 Ne-

395 2283 464 2318 que
506 2269 646 2305 felicius
687 2271 842 2315 Etymon
888 2282 907 2304 a
944 2272 1102 2304 Ferrario

396 2320 472 2364 ipso
499 2320 763 2368 excogitatum,
800 2320 861 2367 qui
895 2321 937 2355 ab
965 2320 1100 2354 Insertu-

391 2372 489 2413 fitare
536 2370 672 2406 derivat
712 2371 905 2413 Trastullare
930 2397 938 2405 .
981 2369 1101 2406 Nimis

397 2435 506 2457 unum
546 2421 588 2456 ab
626 2423 734 2456 altero
770 2421 897 2456 distat.
941 2422 995 2455 Ne
1038 2433 1102 2467 ego

397 2472 540 2519 quidem
587 2472 776 2519 quidquam
826 2470 912 2506 certi
957 2470 1066 2505 habeo
1093 2497 1101 2505 .

397 2521 647 2571 Conjefihsram
678 2532 804 2569 ,tamen
841 2533 952 2558 meam
981 2520 1101 2567 (som-

1241 255 1339 291 nium
1369 253 1392 289 sl
1420 256 1592 304 appelles,
1630 269 1699 293 non
1727 256 1881 307 irascor)
1908 259 1941 294 &

1241 319 1306 355 ego
1333 304 1522 354 proferam.
1559 308 1740 349 Trastulh»,
1777 309 1831 345 uti
1867 311 1943 345 ani-

1242 357 1502 392 madverterunt
1523 358 1629 392 etiam
1649 359 1855 396 Academici
1874 362 1944 395 del-

1241 408 1276 442 la
1301 407 1415 451 Crusca
1449 407 1486 442 in
1516 408 1773 454 Vocabulario,
1809 411 1945 445 oblet‘ffa-

1242 468 1377 492 mentum
1411 458 1530 504 puerile
1558 455 1753 505 fignificat:
1793 460 1830 496 ὅ(
1862 464 1944 495 Tra-

1236 508 1378 551 flullarfi
1398 534 1407 549 ,
1448 505 1610 542 Oblec‘lari
1649 506 1741 543 ludis
1783 507 1944 546 inanibus

1243 572 1282 594 ac
1318 556 1534 606 puerilibus.
1572 557 1669 593 Inter
1705 557 1807 594 hosce
1847 559 1946 594 ludos

1243 608 1311 644 fuit
1347 607 1433 642 olim
1476 606 1514 642 &
1556 607 1667 643 adhuc
1707 608 1753 643 est
1793 609 1947 653 Tolleno‚

1244 671 1346 705 quem
1375 657 1412 692 in
1440 659 1535 706 Lege
1565 661 1622 705 83.
1646 658 1859 708 Liutprandi
1881 661 1948 694 Re-

1245 708 1298 757 gis
1338 708 1420 744 Lib.
1464 710 1498 744 6.
1540 710 1691 743 Tolenum
1735 709 1949 759 appellatum

1246 758 1393 795 videas.
1434 759 1574 794 Tabula
1616 772 1738 808 nempe
1779 759 1950 803 mobilis,

1245 809 1372 845 librata
1400 808 1499 858 super
1525 810 1680 855 trabem,
1717 811 1814 860 cujus
1842 822 1950 846 unum

1247 869 1349 908 caput
1377 859 1459 896 dum
1488 860 1686 905 attollitur,
1715 863 1863 897 alterum
1892 861 1951 895 de-

1249 910 1439 958 primitur.
1486 912 1527 946 In
1567 923 1715 959 utroque
1751 911 1866 960 capite
1903 910 1954 946 se-

1249 962 1367 997 dentes
1404 960 1530 1009 pueri,
1567 960 1633 997 sese
1659 961 1859 998 oblectant.
1885 962 1955 998 Al-

1249 1015 1355 1047 talena
1397 1025 1416 1047 a
1458 1011 1583 1048 Tuscis
1624 1022 1871 1060 nuncupatur,
1914 1011 1955 1047 de

1250 1076 1321 1110 quo
1349 1063 1522 1099 vocabulo
1550 1062 1626 1098 dixi
1664 1063 1762 1112 supra
1799 1063 1836 1098 in
1874 1061 1957 1098 Dis-

1251 1112 1440 1148 sertatione
1467 1113 1551 1149 ista.
1581 1116 1676 1150 Num
1706 1113 1866 1162 prodiisse
1895 1126 1958 1161 po-

1253 1163 1324 1198 tuit
1369 1163 1564 1203 Trastutlare
1599 1177 1618 1197 e
1652 1164 1957 1198 Latino-Barbam

1254 1211 1505 1254 Transtollmare
1520 1236 1530 1251 ‚
1567 1211 1734 1247 converso
1751 1239 1761 1256 ‚
1790 1213 1960 1260 temporis

1255 1261 1392 1296 trafiha,
1420 1261 1457 1291 in
1485 1261 1721 1302 Tranflollare,
1756 1262 1790 1293 &
1818 1261 1959 1296 demum

1255 1306 1475 1348 Trassullare:
1507 1306 1541 1340 8<
1571 1305 1755 1354 praecipue
1781 1309 1875 1355 quod
1903 1322 1963 1344 ve-

1257 1366 1370 1393 terum
1409 1357 1569 1405 exempla
1606 1357 1714 1393 adeffe
1753 1357 1962 1400 videantur,

1260 1407 1459 1455 usurpatum
1489 1407 1595 1443 etiam
1633 1407 1732 1444 fuisse
1769 1422 1831 1458 pro
1858 1411 1965 1444 Tolle-

1259 1472 1318 1502 no,
1340 1459 1431 1493 Tollo
1450 1459 1618 1493 Tollom's?
1642 1459 1732 1495 lstud
1753 1459 1966 1496 oblestatio-

1260 1509 1314 1545 nis
1342 1508 1485 1556 puerilis
1522 1522 1628 1558 genus
1662 1510 1703 1546 ad
1740 1510 1810 1546 alia
1846 1510 1966 1547 sensim

1260 1559 1519 1596 obleEiarnenta
1542 1584 1553 1600 ‚
1604 1573 1691 1609 quae
1740 1560 1873 1610 puerile
1914 1561 1966 1597 sa-

1261 1611 1391 1660 piunt,
1420 1611 1601 1660 propagari
1630 1611 1770 1658 potuit.
1807 1613 1968 1647 Altalenae

1261 1674 1334 1697 vox
1371 1661 1415 1697 est
1453 1662 1579 1711 Populi
1616 1661 1750 1702 Tusci,
1787 1672 1846 1698 aut
1885 1664 1969 1698 Flo-

1262 1711 1481 1748 rentinorum
1526 1713 1728 1758 duntaxat,
1773 1722 1812 1749 ut
1852 1723 1968 1762 pute,

1263 1776 1307 1799 ex
1334 1764 1469 1796 Tolenus
1486 1789 1497 1806 ‚
1535 1763 1590 1799 seu
1618 1765 1748 1798 Tolleno
1773 1763 1825 1800 ita
1852 1777 1970 1800 corru-

1266 1822 1357 1862 pto;
1385 1812 1544 1855 Trastullo
1570 1811 1608 1848 &
1635 1814 1831 1855 Trastullare
1857 1813 1968 1849 totius

1267 1864 1411 1899 Italiae.
1449 1863 1532 1898 Fuit
1567 1864 1600 1897 δ(
1639 1863 1781 1899 Latinis
1808 1865 1970 1909 Tolutim,

1268 1914 1325 1950 seu
1361 1914 1513 1948 Tollutim
1549 1913 1733 1957 incedere,
1769 1913 1900 1949 dietum
1929 1914 1971 1950 de

1269 1963 1388 2012 equis:
1417 1976 1509 1999 nunc
1530 1967 1674 1999 Trottare
1693 1963 1863 2000 dicimus.
1890 1967 1971 2000 Hoc

1270 2027 1409 2063 quoque
1450 2013 1560 2050 innuo
1585 2041 1596 2059 ‚
1636 2023 1675 2050 ut
1715 2014 1972 2059 confideretur,

1271 2078 1313 2101 an
1342 2079 1360 2100 e
1386 2064 1624 2107 Translolutare
1649 2064 1814 2101 emerfiffe
1852 2074 1974 2114 potue—

1272 2116 1319 2151 rit
1361 2115 1579 2157 Trastullare.
1625 2116 1787 2163 Denique
1833 2129 1915 2151 num
1957 2129 1975 2151 e

1272 2170 1377 2202 Trans
1403 2164 1440 2201 &
1469 2165 1584 2202 Tollo?
1622 2166 1782 2203 Licuerit
1810 2165 1975 2215 suspicio-

1274 2230 1332 2252 nes
1370 2215 1468 2252 hasce
1509 2216 1716 2264 producere,
1756 2218 1866 2252 donec
1902 2216 1977 2253 veri

1274 2267 1441 2302 similiora
1469 2265 1624 2302 adferant
1651 2267 1735 2303 alii.

1223 2321 1361 2355 Tratto.
1397 2319 1540 2356 Modus,
1568 2318 1746 2362 Aspefi'us.
1775 2320 1856 2355 Hoc
1883 2314 1974 2353 sensu

1275 2368 1315 2403 ad
1353 2380 1415 2402 nos
1451 2368 1580 2404 veniffe
1617 2369 1756 2404 videtur
1787 2382 1806 2404 e
1832 2370 1974 2403 Germa-

1275 2418 1357 2454 nico
1386 2418 1504 2453 Tracht
1540 2417 1754 2467 fignificante
1782 2414 1971 2454 Aramum,

1276 2468 1454 2512 Habitum,
1481 2471 1651 2510 formam,
1679 2467 1798 2503 Italice
1828 2468 1974 2514 Portaru-

1274 2521 1577 2567 raLPortamenro.
1604 2522 1723 2562 Atque
1753 2513 1832 2550 inde
1858 2511 1975 2545 Galli-

1844 2572 1923 2596 cum
