2169 3047
346 190 435 244 875

335 245 492 282 rimandi
531 258 672 292 campus
711 245 742 281 se
781 246 891 294 aperit
935 244 1050 291 inqui-

336 300 428 333 remi
453 297 606 332 nommis
629 297 729 346 hujus
751 298 924 341 originem
941 323 948 331 .
974 298 1047 330 Me-

337 350 462 396 nagius
491 349 563 384 ait:
594 351 688 392 ForJe
716 354 756 382 (la
782 351 947 395 Magnus,
977 351 1051 380 Ma—

334 413 460 448 gnanus
478 413 493 433 .·
540 399 631 446 quod
684 402 837 445 Etymon
886 397 1052 433 insulsum

339 453 466 499 plane.
504 451 664 497 Ejuldem
707 450 834 498 saporis
863 449 906 484 est
934 451 965 483 8<
1002 449 1049 482 al-

339 511 455 537 terum
484 516 500 536 a
531 501 689 535 Fet-tario
719 500 951 547 propositum.
982 503 1051 534 ,Ae-

341 566 447 588 famen
459 578 469 592 ‚
495 552 742 587 Aeraminarius
753 575 763 589 ,
791 553 1027 595 Ramagnarius
1042 575 1052 590 ‚

341 606 530 649 Magnana,
559 603 654 636 Haec
681 601 828 640 audisse,
853 599 1051 635 contemsis—

341 654 376 689 se
405 653 468 688 est.
507 652 666 688 Nomina
704 651 780 687 sunt
818 652 918 686 nobis
956 664 1048 686 com—

340 706 468 752 plura,
506 716 592 750 quae
629 715 698 737 non
736 716 752 737 a
792 702 961 746 Latinis,
999 701 1051 736 sed

342 756 386 789 ab
414 748 491 802 ipsis
522 752 621 787 Italis
649 752 741 788 regii
770 752 937 788 veniunt.
967 754 1052 787 Sunt

342 803 380 839 ὅ(
411 817 497 852 quae
525 804 581 838 vel
611 804 653 838 ab
691 816 761 838 uno
798 802 964 845 homine,
996 812 1055 838 aut

342 855 386 890 ab
415 869 484 890 uno
512 865 639 890 eventu
673 854 849 902 originem
887 852 1055 891 sumsere,

343 919 533 954 eorumque
562 905 675 940 sensus
707 913 916 954 propagatus
945 903 1056 950 postea

342 969 405 1005 per
434 957 585 1004 Populos
614 956 706 991 fuit.
740 958 815 1004 Ego
844 954 1057 992 Lombardi—

344 1019 424 1042 cum
457 1008 665 1042 vocabulum
704 1007 769 1042 effe
806 1020 883 1043 reor
913 1009 1056 1053 Magna-

341 1071 403 1093 πο.
438 1059 538 1092 Olim
569 1071 638 1092 non
674 1057 779 1093 Fabri
815 1055 974 1099 ferrarii,
1003 1055 1057 1090 sed

344 1108 470 1143 aerarii
498 1109 659 1147 tantum,
687 1108 753 1142 hoc
781 1108 926 1142 nomine
950 1106 1055 1141 dona—

344 1158 376 1193 ti
413 1158 577 1206 fuerunt;
606 1159 638 1191 &
677 1170 720 1192 ne
757 1170 877 1192 omnes
916 1156 1057 1203 quidem

344 1209 494 1246 aerarii,
523 1208 577 1243 sed
606 1207 667 1255 qui
696 1221 773 1243 cum
805 1208 908 1256 bulga
946 1207 1056 1242 circu-

344 1259 504 1301 mibant,
530 1260 561 1293 &
593 1259 702 1292 adhuc
732 1259 974 1300 circumeunt,
1003 1271 1059 1292 ca-

340 1308 456 1355 ligine
494 1309 632 1341 vultum
670 1306 814 1344 infeffl‚
846 1306 883 1340 &
917 1306 1059 1340 horrida

341 1369 430 1392 voce
451 1367 558 1391 artem
583 1357 674 1390 suam
699 1355 929 1389 inclamantes
944 1379 953 1389 .
975 1357 1059 1390 Mu-

342 1408 440 1444 tinae
466 1407 575 1442 adhuc
604 1407 640 1441 in
666 1404 724 1441 usu
754 1404 962 1440 feminarum
990 1405 1059 1450 est,

344 1469 385 1495 ut
423 1460 535 1506 pueris
573 1458 737 1492 timorem
777 1456 976 1497 incutiant,
1005 1456 1058 1491 di-

342 1522 440 1545 cete:
473 1512 511 1543 Ε“
532 1510 584 1556 qui
613 1510 637 1541 it
671 1510 863 1554 Magnam:
889 1508 923 1542 8<
963 1506 1060 1551 saepe

341 1559 468 1602 silent,
499 1569 558 1594 aut
600 1569 720 1606 parent
757 1558 797 1593 ad
836 1571 955 1593 eorum
999 1571 1057 1593 vo-

342 1623 417 1645 cem
458 1610 592 1658 puelli.
632 1611 669 1644 In
708 1609 840 1644 Charta
881 1609 1057 1644 Mediola—

703 184 1074 252 ANTIQUIT.
1115 182 1332 228 MEDn
1367 184 1532 227 AEVI

1085 245 1119 280 A

1095 705 1123 738 Β

1090 1609 1125 1643 D

341 1660 434 1696 nenfi
465 1661 560 1696 Anni
593 1662 926 1699 DCCCLxxxn„
952 1673 1057 1706 quam
1082 1672 1083 1676 ¹

341 1711 432 1746 dabo
460 1712 495 1746 in
525 1711 775 1747 Differtatione
806 1713 899 1746 XL1.
925 1714 962 1745 de
991 1714 1058 1746 No-

339 1764 503 1805 minibus,
532 1764 686 1798 occurrit
725 1764 896 1800 Bonellus,
925 1763 980 1808 qui
1006 1762 1057 1795 di-

340 1814 421 1847 eitur
446 1817 646 1859 Magniano.
666 1813 780 1848 Viden
803 1814 1056 1858 antiquitatem

340 1863 462 1898 vocis?
493 1866 525 1899 Si
555 1865 632 1912 quis
662 1878 746 1912 ergo
773 1863 971 1913 conjtfi'tet,
998 1878 1054 1911 ap-

340 1915 511 1961 pellatum
543 1916 642 1951 fuiffe
672 1917 839 1958 Magnam
877 1915 942 1950 hoc
971 1915 1052 1950 arti-

342 1963 448 1999 ficum
489 1980 594 2014 genus
634 1981 649 2000 a
695 1967 935 2002 Lombardico
979 1968 1056 2000 Ma-

338 2028 460 2062 gnare,
490 2017 571 2049 idest
611 2020 829 2056 Manducare,
858 2016 950 2064 quod
984 2029 1055 2050 ma-

341 2073 411 2100 tres
449 2064 642 2114 fingerent,
670 2068 711 2099 ab
740 2067 783 2101 iis
823 2081 944 2114 pueros
976 2066 1051 2102 ino-

343 2115 522 2151 bedientes
552 2117 688 2151 comedi
720 2116 836 2162 (quod
875 2130 968 2152 certe
996 2117 1054 2152 ad-

341 2164 409 2199 hue
446 2167 552 2200 etiarn
593 2166 721 2214 fingere
761 2167 898 2212 lolem)
926 2167 1052 2201 tolera-

340 2215 504 2250 biliorem
547 2217 812 2262 conjefi‘turam‚
851 2218 953 2263 quarn
995 2217 1054 2252 ha-

340 2265 461 2301 &enus
501 2266 732 2314 compositae,
770 2266 869 2300 nobis
909 2267 1051 2303 exhibe-

339 2316 415 2352 bit.
446 2317 508 2352 Sed
538 2318 633 2352 locus
662 2317 706 2351 est
734 2318 813 2353 aliis
843 2319 988 2353 meliora
1014 2319 1052 2356 &

341 2368 491 2403 certiora
522 2367 721 2415 expiscandi
739 2394 747 2402 .

289 2420 477 2463 Mangano.
504 2420 593 2455 Vide
614 2418 896 2454 Dzffertationem
922 2421 1052 2456 XXVI.

340 2474 379 2503 de
409 2472 559 2506 Militia.

291 2522 393 2557 Mai.
423 2524 585 2569 Unquam.
615 2519 748 2558 Frustra
783 2519 958 2570 originem
993 2520 1053 2558 ad-

1090 2064 1119 2098 Β

1210 243 1322 278 verbii
1345 242 1444 293 hujus
1470 245 1618 280 rimatus
1644 243 1688 280 est
1712 203 1920 292 Menaygius.

1210 305 1334 351 Neque
1369 305 1462 340 enim
1501 319 1519 341 e
1555 307 1690 340 Graeco
1728 298 1806 338 Moc‘
1836 294 1920 336 Δῖοι

1209 353 1378 390 effluxisse
1417 356 1560 405 potuit,
1588 356 1640 391 uti
1681 357 1830 390 Bembus
1867 353 1921 387 lu—

1209 404 1430 453 spicabatur.
1471 420 1577 454 quum
1616 406 1708 441 nihil
1748 404 1841 440 aliud
1880 401 1922 436 fi·-

1208 464 1352 515 gnificet
1381 458 1459 499 Moe*
1500 459 1610 511 Δῖοι,
1638 464 1699 500 nisi
1739 468 1798 499 Per
1831 466 1920 506 Dio,

1210 529 1247 550 ac
1287 517 1430 563 proinde
1468 516 1558 548 nihil
1588 515 1637 549 rei
1676 515 1801 549 habeat
1840 525 1919 548 cum

1210 568 1307 601 Mai.
1338 568 1409 600 Aut
1435 577 1516 612 ergo
1546 577 1614 599 vox
1641 563 1723 598 haec
1750 563 1922 598 deducen-

1209 616 1250 650 da
1279 629 1296 650 e
1334 616 1466 651 Latino
1507 616 1638 661 Magis,
1667 614 1719 649 uti
1757 613 1921 661 opinatus

1209 666 1255 701 est
1286 666 1518 701 Castelvetrus
1557 667 1592 700 in
1626 678 1732 713 nuper
1771 663 1921 699 laudatis

1210 716 1477 752 Additamentis
1499 717 1538 751 ad
1559 717 1725 751 Bembum
1743 745 1748 754 ,
1772 714 1921 750 edition.

1212 768 1488 815 Neapolitanae.
1518 767 1691 802 Videntur
1719 766 1812 801 enim
1842 767 1922 800 Ma-

1211 818 1299 867 jores
1339 817 1442 852 nostri
1480 817 1670 854 adhibuisse
1711 817 1819 863 Magis
1861 827 1923 863 pro

1210 870 1394 914 Amplius;
1421 878 1524 915 atque
1564 868 1654 903 idem
1694 867 1763 902 fere
1795 865 1858 901 est:
1892 868 1923 899 Io

1211 933 1249 953 no
1268 918 1292 952 'l
1313 923 1407 953 vedrb
1429 920 1511 958 Pia,
1535 919 1580 957 ὅ]
1606 932 1644 952 no
1663 917 1688 951 ’l
1707 919 1803 952 vedrb
1828 915 1925 951 Mai.

1210 972 1288 1005 Aut
1313 971 1401 1017 apud
1428 972 1622 1005 Germanos
1650 968 1856 1017 inquirenda
1881 965 1927 1000 est

1210 1020 1306 1056 istius
1349 1020 1560 1056 adverbialis
1599 1021 1762 1055 vocabuli
1801 1017 1924 1066 origo-

1210 1071 1259 1106 Iis
1288 1072 1417 1117 quippe
1451 1073 1526 1105 Mal
1555 1070 1725 1118 significat
1761 1083 1825 1104 una
1852 1068 1926 1102 vol-

1210 1130 1265 1159 ta,
1293 1134 1357 1154 una
1377 1121 1484 1164 fian.
1523 1123 1568 1154 Et
1596 1122 1731 1154 ein-mal
1768 1120 1812 1154 est
1847 1117 1925 1165 ipsis

1209 1184 1274 1205 una
1301 1172 1407 1206 uolta.
1435 1172 1563 1205 Eorum
1595 1171 1668 1204 Mal
1693 1183 1754 1204 nos
1782 1169 1817 1203 in
1848 1167 1925 1201 Mai

1210 1221 1419 1256 convertisse
1462 1221 1643 1256 videmur.
1684 1218 1845 1254 Dicimus
1888 1230 1925 1252 e-

1211 1272 1286 1306 nim
1313 1271 1590 1317 interrogantes:
1619 1273 1691 1303 Non
1711 1270 1800 1301 vieni
1823 1271 1926 1301 Mai?

1211 1319 1305 1365 quod
1335 1320 1426 1352 idem
1467 1317 1566 1352 sonat
1595 1328 1700 1364 atque
1737 1319 1810 1351 Non
1839 1317 1928 1350 vieni

1212 1382 1276 1403 una
1302 1369 1423 1403 volta?
1456 1369 1511 1403 Ac
1540 1378 1720 1415 propterea
1758 1380 1800 1402 ex
1829 1366 1927 1402 insti-

1213 1419 1353 1454 tutione
1391 1418 1447 1454 sua
1482 1418 1631 1453 nostrum
1671 1418 1748 1452 Mai
1785 1431 1853 1452 non
1882 1417 1928 1452 est

1212 1470 1394 1518 negantis,
1428 1469 1482 1505 sed
1522 1467 1660 1518 proprie
1698 1480 1773 1504 tum
1814 1468 1927 1504 solima

1211 1531 1336 1570 negat,
1363 1534 1469 1569 quum
1499 1521 1639 1570 negatio
1666 1520 1824 1555 additur.
1852 1522 1928 1554 No-

1212 1571 1266 1607 bis
1307 1585 1389 1621 ergo
1432 1573 1509 1606 Mai
1550 1571 1720 1621 signifi-*at
1761 1571 1794 1604 in
1833 1570 1925 1605 alcun

1211 1633 1340 1670 tempo:
1389 1636 1493 1671 quam
1549 1622 1839 1671 significationem
1889 1621 1927 1656 in

1210 1673 1424 1710 Germanico
1445 1674 1551 1710 etiarn
1580 1675 1657 1708 Mal
1677 1671 1923 1719 deprehendis.

1212 1726 1298 1760 Sane
1335 1726 1459 1759 dicunt
1499 1725 1665 1759 Germani
1705 1723 1926 1761 Anda-mal,

1212 1773 1278 1809 hoc
1315 1775 1380 1813 est,
1408 1776 1493 1808 alera
1530 1778 1640 1813 volta,
1670 1775 1702 1807 in
1739 1775 1821 1807 altro
1848 1783 1927 1806 tem-

1210 1838 1274 1873 po:
1303 1824 1337 1860 &
1378 1825 1579 1863 ,alle-Mal,
1607 1824 1701 1872 quod
1739 1836 1802 1858 nos
1837 1826 1928 1857 Sem-

1212 1877 1383 1922 pre-Mai.

1164 1928 1358 1974 Malvagio.
1389 1927 1522 1966 Malus,
1551 1928 1731 1973 Improbus.
1764 1927 1794 1960 A
1826 1924 1928 1961 Lati-

1216 1991 1261 2014 no
1291 1979 1401 2013 Malus
1433 1991 1490 2021 per
1526 1977 1769 2013 incredibilem
1801 1975 1927 2010 scalam

1216 2028 1344 2063 veniffe
1383 2028 1534 2063 creditur
1567 2028 1755 2076 Menagio.
1794 2028 1929 2060 Vden-

1216 2079 1320 2121 dum,
1351 2092 1393 2113 an
1421 2078 1512 2114 reffla
1542 2079 1740 2125 processerit
1768 2091 1785 2112 a
1813 2076 1929 2112 Galli-

1217 2143 1258 2165 co
1297 2131 1477 2172 Mauvais‚
1513 2129 1567 2165 seu
1610 2130 1806 2171 Mauvaise:
1842 2139 1930 2175 quae

1217 2193 1287 2216 vox
1317 2193 1333 2215 e
1361 2180 1492 2215 duabus
1521 2179 1717 2226 conjunfflzs
1747 2178 1928 2214 efformata

1217 2232 1376 2266 videtur.
1405 2232 1629 2276 Quamquam
1668 2232 1838 2276 Mal-vagia
1868 2240 1927 2263 an·-

1217 2281 1452 2328 tiquiffimurn
1492 2282 1537 2316 cst
1575 2282 1662 2329 apud
1704 2281 1855 2316 Tuscos.
1888 2275 1926 2333 §i

1216 2333 1409 2370 Lombardi
1450 2333 1511 2367 hac
1553 2346 1637 2367 voce
1675 2339 1851 2368 uterentur
1886 2338 1925 2360 m

1217 2382 1384 2418 familiari
1415 2382 1591 2423 sermone,
1621 2382 1802 2428 suspicatus
1841 2375 1925 2411 fuis-

1217 2433 1309 2473 sem,
1338 2433 1476 2471 istorum
1520 2435 1706 2473 Mal-vaso,
1735 2426 1815 2463 idest
1848 2429 1925 2460 Ma-

1216 2485 1364 2519 lum-Vas
1394 2484 1594 2519 conversum
1628 2478 1724 2514 fuiffe
1752 2492 1767 2512 a
1798 2477 1923 2513 Tuscis

1215 2534 1255 2572 in
1292 2536 1499 2580 Malvagio,·
1532 2542 1613 2566 nam
1655 2530 1805 2614 nostrl?
1844 2529 1925 2571 -Afio

1817 2582 1875 2615 Ἁ-
