2169 3047
420 208 499 250 335
743 193 1145 252 ANTIQUIT.
1192 192 1426 237 MEDII
1472 194 1657 238 AEVJ
1848 204 1934 256 336

405 254 479 299 Ego
505 254 646 289 Marcus
673 252 783 297 Judex
811 253 967 297 interfui.

407 305 451 347 ’ξε
479 304 614 350 Signum
641 317 751 338 manus
771 303 979 352 suprascripti
1007 305 1117 338 Dum-

355 352 395 439 {i
433 353 591 411 Qdelrici
627 352 727 390 Miffi
777 354 912 391 Domni
952 354 1117 391 Heinrici

390 416 482 453 egxs.

406 506 447 540 In
491 513 639 554 utroque
682 506 820 542 Placito
861 506 992 543 Lefftor
1040 505 1113 541 ani-

355 556 554 592 madvertat
610 557 718 591 velim
771 559 928 591 Domnum
974 557 1116 591 Tertium

354 607 521 640 Einricum
548 610 667 653 Regem
694 606 908 654 nuncupari.
937 608 1017 642 Hoc
1037 605 1115 641 sane

352 655 547 692 insuetum.
588 659 775 693 Innumera
802 656 881 692 sunt
907 669 1115 693 monumen—

1167 257 1210 291 ΑΙ
1232 261 1289 297 ta,
1330 252 1368 289 in
1409 252 1535 301 quibus
1576 252 1607 289 is
1643 253 1812 290 Hcinricus

1888 268 1996 292 uarius

1232 307 1302 338 Rex
1328 303 1484 343 dicitur,
1512 315 1617 353 atque
1643 305 1722 342 heic
1743 320 1808 355 ego
1828 262 1899 344 doec>
1919 318 1997 344 tan-

1232 355 1307 390 tiam
1335 368 1378 390 ex
1406 355 1529 391 multis
1557 366 1719 404 excerpta
1748 357 1900 406 proferre
1928 360 1991 395 sta-

1232 404 1303 441 tui.
1332 405 1490 441 Primum
1517 405 1674 455 descripsi
1703 421 1721 443 e
1749 409 1882 444 vetusto
1909 423 1993 457 apo-

1230 455 1362 503 grapho
1380 483 1390 499 ‚
1432 456 1599 494 existente
1649 458 1739 506 apud
1793 460 1992 496 Monachos

1231 505 1478 542 Benediffinos
1514 507 1633 543 Samsti
1669 510 1861 546 Salvatoris
1888 512 1991 547 Tici-

1231 555 1340 591 nenfis
1375 557 1409 590 &
1439 555 1585 602 speciem
1615 560 1823 608 autographi
1850 561 1892 597 ad
1919 562 1989 610 pri-

1233 618 1328 641 mum
1356 605 1531 654 aspeffium
1559 606 1748 644 referente·

379 771 546 815 Henrici
578 774 651 815 IV.
682 772 803 828 Regis
836 773 1076 816 Germaniae
1116 787 1160 815 ac
1192 770 1330 814 Italiae
1372 772 1582 829 Diploma,
1625 790 1705 832 quo
1747 776 1958 819 Monachis

559 831 833 877 Ticinenssbus
876 833 1007 876 Sanffi
1049 831 1261 874 Salvatoris
1313 832 1448 873 omnia
1492 833 1652 876 illorum
1697 834 1780 888 jura

959 892 1192 944 confirmat,
1222 892 1344 932 Anno
1380 907 1504 946 1077.

398 1015 435 1048 N
458 1011 580 1047 nornine
600 1013 732 1058 samque
759 1016 1014 1055 &individuae
1033 1014 1110 1050 Tri·
1153 1009 1196 1049 B'
1226 1022 1339 1047 terram
1374 1013 1507 1048 aliorum
1547 1014 1704 1049 hominum
1724 1042 1734 1059 ‚
1784 1028 1862 1063 quas
1903 1019 1988 1052 Deus

423 1065 556 1098 nitatis.
593 1064 782 1100 Heinricus
810 1069 966 1111 Quartus
992 1067 1111 1100 divina

344 1114 476 1157 favente
502 1114 663 1148 clementia
693 1117 766 1150 Rex
788 1115 959 1159 secundum
994 1117 1110 1150 volun-

346 1173 445 1198 tatem
471 1163 535 1199 Dei
559 1165 741 1199 salvatoris
775 1166 926 1213 nostrique
962 1167 1109 1201 liberato—

345 1215 392 1249 ris
417 1214 565 1261 quicquid
590 1213 833 1257 confirmationis
865 1216 912 1254 ό»
937 1217 1109 1262 proprieta-

347 1265 394 1298 tis
428 1267 471 1300 ad
510 1264 717 1304 Ecclesiarum
760 1268 824 1300 Dei
864 1267 1109 1314 Sandorumque

340 1315 467 1358 suorum
494 1315 712 1349 exaltationem
737 1315 970 1361 prebuerimus,
999 1318 1033 1352 id
1053 1330 1107 1351 no·

345 1366 395 1399 bis
421 1370 463 1399 ad
487 1375 589 1399 eterne
614 1366 821 1400 beatitudinis
848 1369 996 1401 bravium
1013 1395 1023 1411 ‚
1060 1366 1107 1406 «ψ’

337 1414 492 1460 secularis
517 1415 586 1448 vite
619 1415 787 1459 proseHum
822 1415 878 1462 effe
911 1418 1107 1461 profuturum

343 1466 499 1511 veriffime
518 1466 688 1500 credimus.
716 1467 823 1512 Igitur
841 1468 977 1502 omnium
1000 1468 1107 1513 sanHe
1145 1464 1177 1498 C

341 1517 406 1550 Dei
433 1515 565 1555 Ecclelie
582 1514 734 1558 fidelium
761 1516 1006 1565 nostrorumque,
1033 1530 1103 1563 pre—

333 1566 471 1609 sentium
492 1565 611 1610 stilicet
630 1578 665 1599 ac
686 1565 863 1608 futurorum
884 1568 1005 1602 noverit
1032 1569 1104 1602 uni·

338 1615 474 1655 versitas
492 1642 501 1658 ‚
540 1616 678 1661 qualiter
705 1629 758 1649 nos
782 1628 838 1662 pro
874 1618 938 1652 Dei
962 1619 1102 1662 omnipo·

338 1666 433 1699 tentis
460 1679 581 1708 amore,
619 1664 664 1703 &⁶
692 1668 802 1700 Patris
830 1668 924 1709 nostri
938 1692 949 1707 ‚
989 1669 1101 1711 nostre-

337 1729 395 1762 que
421 1730 544 1756 amme,
571 1714 616 1753 οὐ·
645 1716 754 1752 amite
773 1717 885 1754 nostre
905 1718 1101 1755 Adheleide

336 1779 438 1800 amore
474 1767 520 1804 ψ’
561 1767 694 1799 remedio
721 1793 915 1804 ......
943 1770 1100 1806 Comitis

336 1816 441 1851 nostri
454 1816 633 1860 fideltffmi
653 1816 838 1853 Adalberti
853 1845 863 1861 ,
891 1819 988 1854 etiam
1013 1821 1097 1855 Ale-

335 1868 446 1900 manni
474 1865 713 1905 Brixienfiensis
754 1866 849 1915 (fic)
893 1869 1096 1915 Vexilliferi‚

334 1927 463 1963 rogante
491 1918 634 1951 Domno
661 1918 824 1952 Genex10
844 1919 1025 1953 venerabili
1050 1946 1058 1955 .
1086 1947 1095 1956 .

407 1993 416 2001 .
453 1965 650 2001 Adheleida
691 1966 807 2003 sanffle
856 1970 1094 2016 Imperatricis

330 2016 485 2065 Auguste
512 2016 652 2051 memorie
677 2018 865 2052 concedimus
902 2020 945 2053 Θ
980 2020 1092 2064 confir—

330 2080 452 2102 mamus
476 2080 570 2115 atque
595 2071 818 2103 corroboramus
854 2070 955 2112 nostra
984 2074 1091 2116 Rega-

329 2118 356 2151 li
382 2143 391 2152 .
420 2144 430 2153 .
458 2144 467 2153 .
495 2144 504 2153 .
548 2119 624 2159 idest
652 2144 807 2154 .....
838 2121 881 2154 (9·
921 2121 1092 2164 consecrata

331 2168 364 2201 in
400 2181 489 2201 onore
525 2168 637 2202 SanHi
678 2169 822 2204 Martini
862 2170 896 2203 in
922 2170 984 2204 loco
1010 2174 1091 2206 Ma-

329 2218 432 2257 rinco,
468 2232 534 2252 cum
583 2218 723 2252 omnihus
749 2219 949 2265 pertinentiis
991 2221 1087 2265 suis,

328 2269 370 2301 (9-
406 2270 492 2302 rebus
508 2295 517 2311 ‚
557 2282 635 2313 quas
676 2269 769 2304 habet
796 2270 842 2307 εἴφ’
879 2273 964 2304 Deus
990 2273 1086 2306 dona-

325 2331 356 2352 re
381 2344 390 2353 .
418 2345 427 2353 .
455 2345 464 2353 .
492 2346 501 2354 .
528 2320 661 2355 donatas
700 2334 721 2354 a
760 2322 848 2355 bonis
888 2321 1085 2366 hominibus,

325 2383 377 2403 nec
403 2382 463 2403 non
504 2371 600 2404 etiam
635 2381 748 2404 terram
785 2370 879 2412 nostri
920 2373 1084 2417 Bonwis,
1122 2375 1150 2408 E

324 2421 367 2453 (9·
392 2420 503 2455 vineas
540 2422 583 2454 (9⁸
622 2432 730 2465 pratas
759 2421 802 2454 Θ
834 2422 1011 2466 sediminas
1037 2422 1083 2461 &⁶

322 2470 442 2514 insulas
462 2471 533 2513 fine
558 2472 622 2505 ullo
654 2484 755 2505 tenore
781 2498 977 2508 ......
1004 2485 1083 2520 quas

319 2521 394 2556 elim
420 2548 615 2557 ......
643 2535 730 2556 amus
757 2521 803 2560 έν
829 2523 1006 2562 donamus,
1035 2521 1081 2561 ὄψ’

1225 1063 1417 1109 omnipotens
1441 1064 1614 1107 permiserit
1632 1067 1746 1099 donare
1767 1067 1823 1110 seu
1846 1067 1988 1112 judicare

1219 1111 1404 1157 supradille
1430 1113 1564 1155 Ecclesie
1597 1115 1720 1149 Sam‘li-
1746 1118 1893 1151 Martini
1931 1131 1987 1151 no-

1216 1162 1294 1204 stris
1320 1164 1505 1209 temporibus
1534 1164 1605 1209 suis
1631 1189 1790 1201 .....
1811 1166 1986 1213 suecessori-

1223 1214 1303 1247 bus.
1330 1216 1396 1247 Hec
1422 1213 1522 1260 igitur
1547 1215 1653 1249 omnia
1689 1216 1770 1250 idem
1808 1218 1986 1252 venerabili

1222 1263 1415 1305 Monasterio
1455 1264 1587 1299 Domini
1625 1266 1808 1301 salvatoris
1849 1281 1902 1302 nos
1926 1279 1983 1315 pro

1214 1314 1321 1358 salute
1346 1314 1451 1349 anime
1469 1315 1585 1357 nostre,
1613 1316 1779 1357 nostrorum
1795 1328 1983 1364 parentum,

1220 1364 1341 1411 Regali
1367 1365 1538 1400 munimine
1566 1366 1608 1400 θ
1635 1369 1779 1411 Precepto
1818 1368 1984 1412 confirma-

1219 1427 1308 1457 mus,
1335 1416 1523 1449 concedimus
1543 1415 1590 1453 ἔφ’
1610 1418 1834 1451 corroboramus
1854 1418 1900 1455 &¹
1922 1420 1982 1452 im-

1213 1474 1394 1509 perpetuum
1419 1465 1490 1508 jure
1517 1465 1563 1502 &⁹
1589 1466 1711 1500 abenda
1736 1470 1869 1503 tenenda
1903 1468 1984 1512 san-

1216 1514 1332 1548 cimus.
1359 1514 1561 1561 Precipiendo
1586 1516 1640 1548 vel
1664 1517 1866 1563 precipientes
1891 1519 1982 1553 deni-

1215 1576 1273 1610 que
1297 1562 1464 1608 jubemus,
1492 1563 1538 1603 &
1565 1566 1622 1600 hac
1649 1568 1768 1613 Regali
1793 1569 1981 1604 auc‘Ioritate

1210 1613 1411 1659 judicamus,
1438 1625 1474 1650 ut
1500 1616 1606 1650 nullus
1633 1619 1734 1661 Dux,
1761 1619 1981 1663 Archiepisco-

1209 1677 1272 1711 pus
1289 1692 1299 1709 ,
1327 1665 1501 1712 Episcopus
1517 1693 1526 1710 ‚
1555 1667 1700 1701 Marchio
1719 1696 1725 1707 ,
1754 1671 1860 1704 Comes
1879 1699 1885 1709 ,
1924 1670 1982 1704 Vi-

1213 1728 1337 1749 cecomes
1352 1742 1362 1758 ,
1404 1717 1595 1763 nostrumque
1645 1716 1804 1763 Missum,
1850 1720 1980 1761 Castal-

1211 1766 1300 1798 dium
1311 1788 1321 1804 ,
1348 1766 1544 1810 Sculdafiius
1562 1793 1572 1809 ‚
1601 1768 1749 1813 nullaque
1768 1781 1885 1814 magna
1901 1780 1980 1812 par·-

1210 1828 1314 1861 vaque
1339 1815 1470 1861 persona
1493 1816 1667 1860 predifium
1692 1817 1856 1852 Abbatem
1877 1822 1978 1854 Gene-

1210 1868 1296 1899 xium
1312 1891 1323 1907 ,
1351 1865 1476 1911 ejusque
1499 1865 1673 1911 succeffores
1692 1869 1916 1912 imperpetuum
1938 1871 1977 1906 de

1138 1917 1172 1950 D
1206 1917 1352 1962 predic‘ffa
1378 1915 1516 1956 Ecclesia
1542 1916 1655 1951 saneti
1681 1919 1826 1952 Martini
1851 1919 1976 1967 ejusque

1204 1966 1430 2013 pertinentiis,
1458 1967 1622 2001 mobilibus
1637 1991 1648 2006 ‚
1677 1968 1719 2001 Θ·
1739 1968 1954 2005 immobilibus
1968 1999 1978 2017 ‚

1209 2017 1408 2062 inquietare,
1436 2017 1617 2059 molestare,
1653 2019 1708 2052 vel
1733 2019 1883 2061 divestire
1906 2021 1977 2062 sine

1207 2067 1327 2113 Regali
1353 2065 1400 2104 ὄψ’
1425 2069 1524 2114 legali
1558 2067 1679 2112 juditio
1716 2069 1898 2116 presumat.
1933 2073 1974 2107 Si

1206 2120 1277 2164 quis
1304 2117 1405 2164 igitur
1443 2118 1701 2165 Arebiepiscopus
1719 2144 1729 2159 ‚
1771 2121 1946 2166 Episcopus
1962 2149 1973 2167 ,

1207 2168 1375 2208 Marchio,
1399 2171 1527 2207 Comes,
1549 2171 1736 2211 Vicecomes‚
1763 2181 1821 2206 aut
1839 2172 1972 2214 nostrum

1205 2221 1360 2264 Legatum
1376 2242 1386 2257 ‚
1415 2218 1635 2264 Gastaldium‚
1663 2221 1886 2265 Scukiafidus,
1912 2232 1970 2257 aut

1203 2269 1314 2315 aliqua
1355 2269 1465 2316 Regni
1504 2270 1600 2311 nostri
1639 2283 1756 2317 magna
1801 2283 1968 2318 parvaque

1200 2320 1329 2364 persona
1354 2331 1459 2354 contra
1484 2320 1563 2354 hanc
1589 2320 1689 2363 nostra
1716 2321 1901 2356 auctoritare
1920 2322 1966 2360 Θ·

1203 2370 1310 2416 Regia
1349 2368 1582 2414 confirmatione
1634 2385 1724 2416 agere
1765 2373 1966 2413 temtaverit,

1201 2421 1254 2454 vel
1282 2420 1315 2454 in
1341 2421 1448 2467 aliquo
1468 2420 1615 2466 sanc‘sum
1643 2422 1738 2454 locum
1765 2420 1962 2467 inquietare,

1201 2470 1357 2512 molestare
1382 2496 1539 2507 .....
1566 2471 1726 2509 voluerit,
1762 2483 1831 2504 reus
1868 2473 1964 2515 nostre

1201 2521 1295 2555 Curie
1315 2521 1499 2566 judicetur,
1527 2519 1572 2558 &⁴
1599 2530 1720 2555 centum
1747 2522 1862 2556 Libras
1889 2525 1964 2559 auri

1842 2572 1912 2617 sor„
