2169 3047
426 221 509 262 435

777 206 1152 264 ANTIQUIT.
1192 203 1402 247 MEDII
1437 205 1599 249 AEVJ

1856 219 1945 267 456

366 277 473 312 paene
514 263 646 300 Seculis
663 291 673 308 ,
715 266 848 301 Dantes
867 294 876 310 ‚
917 266 1129 312 petrarcha,
1158 267 1206 302 ‘A
1239 265 1336 299 Latio
1362 264 1484 300 diffum
1511 265 1577 308 est:
1603 278 1682 314 quae
1717 267 1830 302 locutio
1856 274 1933 304 adeo
1961 270 2003 314 eft

364 315 598 360 Boccaccius,
633 315 695 364 qui
733 317 894 352 Italicam
924 318 1128 358 Linguam,

361 367 515 401 Latinam
552 368 796 416 appellarunt.
834 370 887 403 Ita
925 367 962 404 &
1001 368 1128 405 Graeci

362 417 575 454 recentiores
602 428 794 454 maternam
816 419 994 468 Linguam
1016 420 1127 456 adhuc

362 480 494 505 vocant
522 473 670 504 Graecam
685 484 705 512 ;
741 471 775 504 δε
813 471 938 506 Franci
969 471 1029 506 diu
1058 476 1125 506 Ro-

362 532 490 554 manam
521 530 690 556 vocarunt
719 521 897 568 Linguam
926 522 1125 566 Gallicam,

362 582 451 616 quae
479 584 570 606 nunc
599 570 638 606 in
667 571 726 606 usu
754 571 825 611 est,
862 581 902 607 ut
929 572 1021 607 infra
1048 573 1124 608 ani-

359 622 601 657 madvertam.

411 670 536 719 Itaque
576 685 647 707 non
697 671 878 708 immerito
914 673 1126 722 opinemur,

355 721 542 770 praecipue
580 723 639 758 sub
669 724 978 772 Langobardorum
1015 740 1122 775 regno

354 773 528 809 Latinum
557 773 749 810 sermonem
767 802 776 817 ‚
805 784 905 810 antea
933 775 970 812 in
999 777 1121 813 barba·
1145 783 1149 787 '

353 824 443 859 riem
495 825 644 861 multam
693 826 890 874 prolapsum
923 855 933 871 ‚
979 829 1149 877 gravius-

353 885 557 922 corruptum
587 886 692 924 atque
728 876 956 913 immutatum
999 879 1118 924 fuisse,

352 924 405 960 ita
435 935 474 962 ut
501 926 627 962 faciem
655 940 767 963 novae
794 928 956 977 Linguae
978 930 1118 979 Lingua

351 976 471 1012 Italici
512 978 633 1026 populi
674 987 757 1014 tunc
800 979 968 1026 praeferre
995 995 1118 1030 coepe-

350 1027 423 1062 rit.
454 1030 546 1063 Nam
575 1030 667 1078 quod
697 1030 858 1065 nonnulli
890 1030 1018 1067 sensisse
1061 1032 1116 1068 vi-

351 1077 500 1122 dentur,
537 1093 613 1114 eam
655 1079 764 1124 ipsam
818 1081 979 1116 Italicam
1026 1082 1116 1118 Lin—

351 1141 483 1176 guam,
528 1143 594 1176 qua
624 1143 714 1166 nunc
745 1131 900 1175 utimur,
938 1144 956 1165 a
983 1132 1116 1168 Latina

350 1178 410 1214 seu
441 1182 597 1215 Romana
625 1181 711 1216 adeo
739 1180 910 1216 diversam
928 1204 938 1220 ,
967 1183 1023 1217 vel
1052 1181 1117 1218 flo-

351 1239 451 1265 rente
481 1231 632 1267 Romani
672 1232 817 1279 Imperii
860 1231 1019 1272 fortuna,
1061 1233 1118 1270 vi—

348 1280 484 1328 guiffe‚
523 1281 697 1318 somnium
736 1282 781 1317 est
819 1284 916 1318 nulla
955 1282 1116 1320 confuta-

350 1330 452 1367 tione
478 1331 652 1380 dignum.
696 1335 811 1368 Immo
855 1333 933 1380 ipsis
975 1346 1116 1381 quoque

349 1382 594 1431 Langobardis
614 1384 841 1433 regnantibus
862 1383 1014 1418 multum
1036 1385 1116 1419 abe-

347 1442 404 1467 rat
453 1433 643 1470 immutata
691 1435 864 1481 majorum
922 1432 1115 1469 nostrorum

345 1483 490 1532 Lingua
517 1485 559 1520 ab
582 1498 621 1520 ea
645 1483 755 1523 facie,
785 1483 982 1526 venustate,
1011 1492 1116 1533 atque

343 1533 559 1577 stabilitate,
609 1547 715 1582 quam
759 1535 884 1571 Seculo
927 1536 1026 1570 xm.
1077 1536 1114 1571 in

342 1584 420 1630 ejus
448 1585 688 1621 monumentis
731 1584 923 1633 incipimus
960 1585 1115 1622 intueri.

343 1634 528 1681 Siquidem
557 1636 703 1672 vocibus
731 1636 872 1673 Latinis
902 1635 1021 1685 paffim
1041 1665 1050 1682 ‚
1080 1638 1114 1673 δε
1144 1644 1146 1680 ἱ,

343 1685 520 1721 cruditate
548 1687 704 1735 undique
731 1687 843 1723 adhuc
871 1686 1048 1736 scatebat3
1079 1690 1113 1723 &

341 1735 502 1771 :nondum
540 1736 579 1772 in
615 1751 692 1774 eam
729 1747 951 1786 penetrarant
990 1752 1114 1787 quam-

342 1786 520 1834 plurimae
556 1788 646 1824 aliae
680 1803 783 1825 voces
820 1804 839 1826 a
868 1789 1036 1829 Francis,
1075 1804 1113 1826 ac

343 1836 534 1873 Germanis
563 1839 667 1874 Italia
695 1840 843 1887 potitis,
869 1849 946 1876 tum
975 1854 992 1876 a
1019 1843 1114 1877 Nor-

341 1887 509 1931 mannis,
539 1889 846 1933 Provincialibus,
873 1891 1022 1938 aliisque
1051 1905 1114 1940 po-

343 1938 441 1987 pulis
462 1938 606 1975 subinde
627 1940 664 1976 in
684 1941 785 1977 illam
806 1941 958 1977 intrusae
972 1967 981 1976 .
1005 1943 1112 1987 Quod

344 1997 486 2026 tantum
515 1989 680 2040 suspicari
718 2005 789 2028 non
830 1992 961 2041 injuria
999 1993 1111 2040 pofl‘u-

344 2052 448 2085 mus,
491 2042 707 2091 temporibus
735 2044 1048 2092 Langobardorum
1076 2046 1110 2079 &

344 2092 562 2129 Francorum
590 2094 627 2129 in
657 2095 761 2130 Italia
788 2094 1033 2143 regnantium,
1060 2094 1111 2131 ita

341 2140 535 2179 immutata
554 2171 564 2187 ,
610 2144 855 2192 diffimilisque
892 2146 934 2180 ab
961 2145 1110 2194 antiquo

340 2192 560 2230 Latinorum
588 2194 744 2232 sermone
771 2195 925 2232 evaserat
961 2196 1106 2232 Italico-

337 2255 418 2279 rum
469 2245 636 2294 Lingua,
683 2257 721 2282 ut
766 2248 893 2294 vulgus
938 2248 1106 2283 Latinam

339 2294 490 2332 difficile
517 2297 587 2346 jam
616 2306 692 2332 tum
733 2297 972 2346 intelligeret,
1014 2300 1106 2334 rnul-

339 2358 488 2398 tumque
529 2348 664 2384 diversa
703 2362 721 2384 a
764 2348 896 2385 Latina
926 2360 1105 2397 appareret

338 2398 528 2437 :familiaris
555 2400 700 2436 illorum
729 2400 889 2448 Lingua.
933 2402 1037 2444 Huc,
1065 2401 1103 2437 ni
1130 2431 1133 2447 ,

338 2450 468 2493 fallor,
495 2451 671 2488 referenda
700 2451 778 2487 sunt
805 2450 903 2486 Sexti
942 2452 1101 2499 Pompeii
1129 2449 1132 2491 j

338 2503 429 2540 resti
467 2505 594 2547 verba,
631 2503 691 2551 qui
729 2502 766 2537 in
807 2501 889 2538 Lib.
925 2501 966 2537 de
996 2494 1132 2585 Verbil

339 2556 485 2608 fignific.
521 2555 606 2593 haec
644 2553 770 2591 refert:
815 2554 932 2589 Latine
969 2553 1054 2600 loqui
1080 2567 1100 2589 a

1238 316 1351 361 versa,
1378 326 1414 351 ut
1439 317 1499 351 vix
1525 318 1593 353 ulla
1619 318 1688 363 ejus
1714 331 1789 364 pars
1816 332 1941 355 maneat
1969 323 2003 355 in

1238 367 1372 403 notitia.
1410 369 1546 404 Incerta
1582 370 1616 404 &
1645 370 1807 418 ambigua
1838 371 1882 406 est
1909 382 2003 408 aetas

1239 417 1325 454 Festi
1343 431 1356 467 3
1386 418 1465 455 sunt
1493 429 1610 456 tamen
1630 434 1717 468 quae
1738 422 1900 457 indicant
1921 436 2003 458 eum

1237 467 1389 506 floruisse
1415 480 1496 506 anre
1523 471 1776 516 Macrobium‚
1822 475 1853 508 ἃ
1894 472 2001 509 stante

1236 520 1347 556 adhuc
1384 521 1516 557 Latina
1551 523 1720 570 Lingua.
1761 523 1912 559 Proinde
1959 524 2002 560 ad

1235 584 1313 606 eum
1343 571 1469 607 referre
1497 571 1697 618 hujusmodi
1727 575 1832 609 verba
1868 589 2000 622 nequa-

1235 634 1339 668 quam
1369 622 1552 665 auderem,
1580 621 1634 657 sed
1664 623 1804 670 quidem
1834 624 1875 659 ad
1899 627 2002 660 Paul-

1234 673 1310 707 lum
1339 673 1535 708 Diaconum
1566 674 1735 709 celebrem
1766 673 1910 714 virum,
1938 676 2001 724 qui

1236 723 1307 770 post
1327 723 1480 759 excisum
1503 724 1815 771 Langobardorum
1840 727 2000 773 Regnum

1234 773 1295 809 diu
1322 774 1431 810 etiam
1460 774 1555 809 vixit
1583 774 1643 810 sub
1671 777 1804 811 Carolo
1841 778 2000 824 Magno.

1234 826 1267 860 Is
1304 826 1401 861 enim
1438 827 1568 862 Libros
1609 825 1696 861 Festi
1740 827 1776 861 in
1806 827 1999 874 Epitomen

1233 877 1435 921 contraxit,
1464 876 1502 913 &
1531 877 1643 912 multa
1671 876 1712 912 de
1750 876 1809 912 suo
1837 878 1998 914 addidit.

1234 928 1286 962 Ita
1314 927 1524 963 illerevera
1553 926 1698 962 scribere
1720 926 1860 974 potuit,
1889 941 1998 975 quum

1231 976 1290 1012 suo
1319 978 1388 1025 jam
1418 987 1575 1026 tempore
1604 977 1816 1013 Latinorum
1855 979 1998 1026 Lingua

1230 1028 1359 1073 pessum
1388 1028 1504 1064 iisset.
1542 1030 1640 1063 Haec
1678 1038 1796 1064 tamen
1835 1031 1938 1064 verba
1976 1043 1996 1065 a

1229 1077 1393 1123 Merula,
1422 1079 1563 1125 Lipfio,
1593 1078 1804 1119 Mothofio,
1847 1092 1886 1115 ac
1914 1080 1996 1116 aliis

1229 1128 1391 1173 laudata,
1430 1130 1467 1164 in
1495 1129 1602 1164 editis
1634 1129 1720 1164 Festi
1749 1130 1869 1166 Libris
1912 1145 1997 1166 ocu-

1227 1179 1279 1213 los
1309 1192 1403 1215 meos
1432 1180 1608 1228 effugere.
1651 1180 1757 1225 Quod
1802 1184 1885 1215 vero
1925 1183 1995 1217 La-

1226 1229 1322 1265 tinae
1349 1231 1509 1279 Linguae
1530 1231 1567 1266 in
1592 1231 1692 1265 ltalia
1716 1230 1868 1273 accidit,
1898 1231 1991 1266 idem

1226 1279 1263 1315 in
1301 1281 1420 1316 Gallia
1462 1295 1500 1317 ac
1547 1281 1720 1327 Hispania
1773 1283 1992 1330 temporibus

1225 1330 1349 1365 iisdem
1393 1331 1524 1367 faEium
1569 1332 1847 1367 animadvertere
1879 1333 1993 1381 poffu-

1225 1393 1321 1416 mus.
1351 1383 1448 1417 Ante
1477 1385 1628 1418 Francos
1656 1381 1694 1418 ἃ
1731 1384 1893 1427 Gothos,
1935 1397 1992 1419 ea-

1224 1445 1299 1466 rum
1329 1432 1513 1480 regionum
1544 1434 1670 1480 vulgus
1699 1434 1847 1468 minime
1870 1448 1991 1479 puram

1224 1481 1436 1518 Latinorum
1465 1483 1645 1531 Linguam
1683 1482 1890 1532 usurpabat3
1936 1484 1992 1520 sed

1223 1531 1323 1567 illam
1355 1533 1645 1579 pronuntiatione
1674 1547 1920 1578 corrumpens,
1957 1535 1991 1571 ei

1224 1583 1362 1632 propria
1416 1584 1473 1620 sua
1525 1586 1696 1621 vocabula
1748 1584 1990 1622 immiscebat.

1195 1632 1340 1680 JQuare
1381 1636 1517 1679 Gozhi‚
1559 1636 1620 1682 qui
1671 1635 1904 1683 Hispaniam,
1952 1638 1988 1672 &

1223 1687 1370 1729 Franci,
1412 1686 1474 1734 qui
1503 1687 1658 1722 Galliam
1699 1687 1883 1731 invasere,
1926 1701 1990 1735 po-

1222 1736 1297 1784 puli
1324 1735 1361 1772 &
1383 1737 1444 1783 ipsi
1466 1752 1485 1774 e
1504 1737 1692 1774 Germania
1712 1737 1830 1785 egreffi
1845 1765 1854 1780 ,
1877 1752 1986 1786 quum

1221 1796 1322 1822 antea
1349 1787 1539 1826 vitiatam.
1581 1802 1619 1823 ac
1662 1801 1731 1822 non
1759 1789 1888 1822 leviter
1915 1789 1985 1824 im-

1221 1845 1393 1873 mutatam
1421 1837 1622 1887 reperissent
1665 1837 1840 1886 Linguam
1881 1839 1988 1874 Lati-

1221 1901 1298 1924 nam
1329 1902 1446 1924 earum
1475 1889 1658 1937 gentium,
1696 1889 1846 1923 Gallicis
1875 1889 1985 1925 etiam

1219 1941 1251 1974 ἃ
1283 1939 1484 1988 Hispanicis
1512 1940 1669 1987 antiquis
1708 1939 1889 1975 vocabulis
1928 1939 1986 1975 in-

1219 1989 1368 2034 feetam,
1397 1990 1589 2026 sensibilms
1618 1991 1654 2025 in
1683 1990 1754 2025 dies
1783 1989 1820 2025 &
1849 1989 1910 2038 ipfi
1934 1989 1985 2027 ita

1219 2051 1468 2090 corruperunt,
1496 2052 1535 2077 ut
1563 2041 1644 2077 inde
1673 2054 1783 2076 novae
1807 2041 1872 2076 due
1895 2041 1986 2077 Lin-

1217 2106 1302 2142 guae
1323 2092 1600 2129 exsurrexerint.
1627 2095 1798 2128 Attamen
1820 2093 1851 2127 &
1876 2095 1984 2128 Fran-

1217 2144 1249 2179 ci
1294 2145 1482 2193 Vulgarem
1526 2144 1625 2179 illam
1670 2143 1766 2180 suam
1804 2148 1983 2178 Romanam

1217 2196 1390 2241 appellare
1420 2209 1488 2230 non
1517 2194 1687 2230 desierunt
1705 2223 1715 2239 ,
1743 2195 1837 2241 quod
1865 2208 1883 2230 a
1911 2197 1983 2229 Ro-

1216 2260 1316 2281 mana
1345 2246 1518 2294 originem
1549 2247 1718 2285 traxerit,
1761 2246 1813 2281 uti
1858 2245 1980 2280 multis

1215 2298 1386 2346 exemplis
1398 2297 1545 2333 ostendit
1563 2296 1795 2345 Du—Cangius
1816 2296 1851 2331 in
1868 2293 1980 2330 Gloss-

1215 2349 1369 2391 Latino,
1411 2350 1443 2384 8(
1483 2348 1613 2384 constat
1647 2362 1688 2384 ex
1718 2345 1844 2382 celebri
1888 2345 1981 2391 jura-

1213 2411 1334 2435 mento
1363 2400 1540 2436 Ludovici
1562 2400 1771 2435 Germaniae
1800 2395 1902 2442 Regis
1925 2409 1980 2430 re-

1212 2451 1286 2486 lato
1314 2464 1332 2486 a
1363 2450 1538 2487 Nithardo
1565 2451 1645 2486 Lib.
1674 2448 1739 2484 Ill.
1768 2446 1855 2481 Hist.
1886 2444 1977 2494 apud

1212 2501 1481 2538 Du-Chesnium
1510 2503 1616 2535 Tom.
1651 2500 1695 2533 11.
1736 2496 1825 2532 H,st.
1855 2499 1976 2531 Franc.

1211 2552 1372 2588 Proderit
1399 2553 1489 2588 illud
1516 2549 1594 2585 heic
1623 2558 1806 2598 repetere3
1850 2560 1975 2582 conce-

1823 2608 1923 2648 ptum
