2169 3047
333 242 448 287 giam,
477 241 509 275 &
540 242 728 289 Dilegt'ato.
767 245 862 279 Idem
891 246 993 287 sunt,
1022 244 1052 280 i-
1084 247 1119 281 A

339 292 417 326 dem
456 291 685 342 fignificant3
725 297 892 330 Veterum
933 308 1051 330 exem-

341 343 420 389 pla,
448 342 469 377 fi
497 344 690 379 accuratius
716 347 923 393 perpendas,
949 346 984 381 id
1012 359 1052 381 o-

339 392 529 429 stendunt.
573 395 796 431 Recentiores
838 396 904 432 hoc
945 397 1051 432 verbo

339 442 420 478 sunt
447 443 493 478 ufi
529 444 569 479 ad
599 444 860 492 significandum
890 448 1052 490 Irridere,·

339 502 376 528 at
413 495 501 529 olim
541 494 683 530 sonabat
720 496 892 532 duntaxat
925 501 1050 540 Expro-

338 542 429 578 brare
455 545 552 578 alicui
579 558 673 578 mores
699 546 864 591 effrenatos
886 548 932 585 ψ’
952 547 1049 590 infor-

337 607 424 629 mes.
463 595 516 628 Ita
554 595 791 641 Villaneggiare
826 597 1047 633 efformatum

337 657 382 679 ex
419 644 626 691 appellando
666 646 819 692 aliquem
859 648 1048 688 Villwum,

335 692 421 729 idest
450 707 586 729 morum
618 696 819 743 agrestium.
861 700 985 745 Neque
1012 713 1046 734 a·
1088 701 1116 735 Β

335 744 458 780 liunde
494 755 614 780 natum
648 747 776 792 opinor
804 751 1047 795 Strapazzare,

335 793 399 829 nisi
426 794 468 829 ab
493 797 751 842 appellantibus
778 799 931 846 aliquem
954 803 1045 835 Stra-

330 855 437 889 pazzo
458 873 468 889 ‚
516 846 599 881 idest
641 850 867 884 Sammamente
908 854 1045 896 Pazzo.

334 897 429 931 Nam
468 895 519 931 uti
560 896 652 932 reete
689 909 835 935 monent
872 900 1047 937 AuRores

335 945 487 994 ejusdem
510 949 763 994 Vocabularii,
787 954 865 986 sera
887 965 903 985 e
925 955 992 986 Tra
1014 952 1047 985 in

335 997 576 1043 wmpofizhvm,
600 1000 715 1035 denota
733 1002 977 1046 accrescimento.
1005 1002 1045 1038 In

335 1048 536 1094 nuperrima
557 1050 772 1097 amplificata
793 1053 951 1089 editione
973 1055 1042 1087 Vo-

336 1098 505 1132 cabularii
546 1100 743 1135 Florentini
783 1101 881 1149 supra
913 1102 1045 1137 laudati

333 1146 439 1181 video
467 1148 604 1183 nullum
634 1149 820 1186 discrimen
849 1151 924 1186 fieri
953 1152 1046 1187 inter
1076 1151 1111 1189 C

331 1198 498 1243 Dilegn'ato
526 1196 564 1233 ἃ.
604 1200 808 1247 Dnleggiato,
836 1200 873 1238 &
903 1202 1042 1248 quidem

334 1246 446 1283 regie.
475 1248 568 1283 Infra
597 1250 677 1286 Vide
703 1255 943 1298 Strapazzare.

283 1297 444 1341 Dimum,
475 1301 634 1338 Domum,
664 1304 820 1336 Domani.
857 1306 957 1337 Cras.
988 1305 1045 1337 Ab

331 1347 499 1382 inusitato
529 1348 739 1383 Latinorum
771 1352 818 1382 De
854 1352 954 1383 Mane
983 1363 1042 1391 pu—

330 1396 427 1433 tavit
476 1398 661 1446 Menagius
708 1398 905 1434 derivatum
957 1399 1043 1436 istud

330 1448 552 1484 Adverbium
593 1462 654 1494 pro
692 1452 812 1485 Mane.
852 1450 974 1486 Unum
1015 1452 1044 1487 is

330 1500 532 1546 exemplum
569 1498 679 1534 adfert
705 1513 749 1535 ex
780 1500 968 1537 Aristeneti
997 1504 1039 1537 E-

331 1548 455 1597 pistola
505 1548 669 1596 postrema
691 1577 701 1593 ,
747 1550 838 1598 quasi
892 1554 1044 1588 Graecus

331 1599 490 1646 Scriptor
528 1600 738 1636 Latinorum
781 1602 912 1637 rituum
952 1603 1044 1638 test1s
1080 1605 1113 1638 D
1168 1636 1172 1640 .

328 1648 476 1685 idoneus
504 1650 568 1686 effe
597 1651 633 1686 in
673 1651 843 1699 ejusmodi
874 1653 1043 1701 quaestio—

329 1713 372 1735 ne
397 1699 517 1748 poffit.
544 1704 619 1749 Ego
640 1713 760 1738 contra
786 1714 918 1739 certum
946 1719 1045 1747 reor,

330 1750 483 1786 nostrum
529 1753 669 1787 Domam'
709 1767 727 1788 e
767 1754 902 1790 Latino
944 1758 1047 1790 Mane

330 1801 518 1848 prodiisse,
550 1801 619 1838 five
656 1804 748 1850 quod
783 1805 907 1841 Latini
937 1805 973 1841 in
1007 1821 1044 1842 u-

331 1850 369 1886 su
402 1850 586 1889 habuerint
609 1857 709 1889 Mane
739 1868 800 1901 pro
825 1855 1046 1904 subsequenti

332 1900 409 1940 die,
444 1901 512 1938 five
549 1904 639 1952 quod
679 1907 919 1941 Hebraeorum
957 1907 1045 1943 ritus

334 1964 375 1987 ac
411 1951 551 1990 divinae
590 1955 756 1996 Literae,
787 1970 951 1993 earumve
988 1955 1071 2050 Im!

334 2011 502 2049 terpretes
532 2008 632 2040 Mane
659 2020 721 2054 pro
748 2007 800 2042 die
825 2008 961 2048 crastina
987 2008 1045 2044 ad-

332 2051 537 2097 hibuerint,
564 2068 753 2102 eorumque
781 2071 895 2093 mores
919 2059 956 2094 in
982 2072 1046 2094 no-
1082 2061 1112 2094 E

331 2103 413 2138 stros
427 2105 626 2152 jamdudum
642 2107 915 2143 transtulerimus
927 2135 935 2142 .
948 2111 1043 2144 Mar-

331 2152 454 2188 tialem
495 2156 575 2192 audi
611 2156 650 2191 in
682 2156 947 2206 Epigrammate
985 2170 1044 2207 53.

333 2202 438 2239 Libri
465 2206 529 2240 VI.

332 2307 431 2340 Lotus
458 2306 613 2348 nobiscum
640 2307 703 2350 est,
730 2308 844 2344 hilaris
871 2311 1013 2347 coenavit
1022 2326 1043 2356 ‚-

484 2358 527 2391 (9⁶
554 2358 636 2392 idem

379 2409 533 2444 Inventus
572 2411 674 2444 Mane
710 2409 753 2455 est
786 2422 926 2449 mortuus
960 2417 1040 2450 An-

480 2461 650 2508 dragoras.

690 185 1063 242 ANTIQUJT.
1103 182 1318 229 MEDII
1352 184 1515 227 AEVJ

1776 192 1860 242 788

1215 245 1298 279 Non
1325 243 1414 280 dicit
1440 244 1571 287 crastino
1607 247 1732 288 Mane,
1761 245 1815 280 sed
1845 255 1921 281 tan-

1213 295 1289 330 tum
1317 298 1439 339 Mane,
1468 296 1762 343 quemadmodum
1796 297 1830 331 8<
1858 310 1921 332 nos

1212 344 1362 381 dicimus
1399 347 1450 380 nel
1485 347 1642 382 Domani.
1683 348 1846 382 Alterum
1881 346 1922 383 fi-

1212 396 1297 432 mile
1324 397 1524 444 exemplum
1553 397 1634 433 vide
1658 397 1740 435 Lib.
1769 400 1847 434 ΧΗ.
1872 400 1920 433 E-

1211 447 1442 495 pigrammate
1474 459 1530 482 12.

1210 547 1326 583 Omnia
1350 546 1531 591 promittis,
1553 558 1646 593 quum
1666 549 1732 581 tota*
1759 549 1847 583 nofft'e
1871 550 1922 585 bi-

1385 611 1394 630 1
1425 611 1435 630 1
1449 609 1465 630 0⁶

1260 597 1463 683 Manebnsilhil
1480 647 1618 694 praestas
1629 660 1645 682 .·
1659 647 1801 691 Postume
1810 673 1822 689 ‚
1840 651 1921 685 Ma-

1362 712 1400 732 ne
1425 699 1495 733 bibe
1510 725 1519 734 .

1208 801 1255 836 Et
1282 799 1360 835 heic
1388 798 1492 835 habes
1521 799 1557 835 in
1592 800 1702 846 priori
1731 801 1812 836 loco
1840 804 1921 836 Ma-

1208 864 1264 889 ne,
1293 849 1489 898 significans
1516 851 1718 892 Crastinum.
1753 851 1809 886 Ad
1837 852 1921 887 haec

1207 900 1362 936 Hebraei
1399 900 1493 935 diem
1529 900 1760 936 observabant
1797 915 1816 936 a
1849 904 1922 936 Ve-

1208 950 1301 998 spere
1321 951 1358 986 in
1381 951 1589 997 Vesperam.
1606 952 1673 986 Sub
1695 951 1838 987 nomine
1861 955 1922 986 Ve-

1199 1001 1309 1048 sperae
1338 1001 1490 1037 NoS'cem
1519 1003 1796 1051 computabant3
1825 1003 1921 1038 diem

1206 1055 1290 1086 verb
1311 1051 1571 1098 subsequentem
1596 1052 1655 1088 sub
1676 1054 1820 1088 nomine
1841 1055 1922 1088 Ma-

1206 1115 1263 1136 ne.
1294 1101 1333 1136 In
1355 1103 1530 1137 creatione
1552 1102 1705 1145 Mundi,
1727 1104 1922 1149 Fufiumque

1205 1152 1247 1194 est
1276 1152 1402 1198 Vespere
1429 1151 1474 1190 ἐφ’
1503 1154 1602 1185 Mane
1628 1155 1692 1186 dies
1722 1166 1823 1192 unus,
1848 1156 1921 1188 Ge-

1204 1201 1322 1237 neseos
1359 1200 1450 1248 Cap.
1481 1203 1506 1237 1.
1536 1202 1622 1237 vers.
1653 1214 1683 1247 5.
1716 1203 1843 1238 Rursus
1880 1203 1920 1238 in

1205 1253 1322 1288 Exodi
1354 1255 1441 1297 Cap.
1472 1254 1569 1286 XVI.
1599 1252 1685 1287 vers.
1711 1254 1745 1289 6.
1782 1253 1841 1287 ista
1869 1253 1920 1288 le-

1204 1313 1354 1347 guntur:
1387 1301 1513 1343 Vespere
1544 1302 1672 1343 scietis,
1699 1307 1780 1347 quod
1811 1303 1919 1337 Domi-

1205 1363 1263 1383 nus
1299 1350 1439 1383 eduxerit
1475 1363 1532 1384 vos
1559 1357 1596 1384 de
1632 1362 1714 1384 terra
1742 1353 1920 1397 Aegypti:

1205 1402 1252 1434 Et
1287 1402 1389 1433 Mane
1416 1399 1572 1434 videbitis
1595 1401 1734 1447 gloriam
1763 1402 1920 1438 Domini.

1205 1450 1345 1495 Quibus
1373 1451 1480 1486 etiam
1510 1451 1626 1486 verbis
1655 1452 1768 1487 utitur
1795 1454 1920 1488 Eccle-

1204 1500 1248 1536 fia
1275 1500 1312 1536 in
1338 1501 1476 1549 Vigilza
1506 1502 1720 1538 Nativitatis
1748 1503 1918 1539 Domini.

1203 1553 1258 1587 Ita
1286 1552 1465 1587 Matthaei
1484 1551 1575 1599 Cap.
1597 1555 1693 1589 xxi.
1715 1566 1773 1588 vv.
1799 1565 1855 1600 17.
1877 1552 1917 1591 &

1206 1605 1262 1638 18.
1306 1602 1506 1650 usurpatum
1549 1602 1667 1637 videas
1712 1605 1812 1637 Mane
1857 1617 1918 1651 pro

1203 1652 1388 1692 Crastino,
1426 1652 1494 1688 five
1532 1652 1753 1699 subsequenti
1790 1656 1917 1689 Mane.

1202 1706 1250 1738 Et
1276 1703 1394 1738 νείὶέῖἰε
1419 1704 1509 1744 illis,
1533 1703 1618 1738 abiit
1637 1704 1723 1747 foras
1747 1715 1836 1739 extra
1858 1704 1918 1738 Ci-

1200 1754 1337 1788 vitatem
1361 1754 1393 1787 t'n
1422 1754 1637 1788 Bethaniam:
1655 1755 1758 1800 ibique
1781 1754 1915 1794 mansit.

1203 1806 1307 1839 Mane
1341 1814 1444 1838 autem
1475 1815 1630 1837 revertens
1668 1808 1701 1836 in
1738 1804 1916 1839 Civitatem

1202 1855 1330 1895 esuriit.
1360 1856 1485 1901 Neque
1512 1853 1676 1889 diffimile
1711 1856 1914 1902 exemplum

1203 1904 1320 1941 Marci
1345 1906 1433 1952 Cap.
1462 1907 1522 1940 xl.
1552 1903 1636 1939 vers.
1664 1916 1721 1940 20.
1751 1908 1795 1939 Et
1819 1918 1914 1952 quum

1203 1957 1334 2000 Vespera
1370 1954 1458 1998 faffa
1494 1954 1589 2000 effer,
1625 1955 1840 2001 egrediebatur
1874 1957 1915 1990 de

1201 2007 1370 2042 civitate.
1398 2009 1444 2040 Et
1471 2020 1563 2053 quum
1594 2008 1696 2040 Mane
1722 2005 1914 2050 transirent,

1200 2058 1350 2092 viderunt
1381 2056 1481 2101 ficum
1518 2055 1591 2095 ἕνα.
1628 2056 1715 2092 Alia
1753 2058 1914 2105 exempla

1203 2107 1446 2154 praetermitto
1457 2135 1466 2143 .

1151 2159 1327 2195 Divenire.
1365 2159 1475 2202 Fieri,
1505 2160 1671 2195 Evadere.
1711 2160 1820 2194 Nulla
1850 2158 1915 2195 du-

1202 2210 1332 2246 bitatio
1360 2209 1425 2247 est.
1454 2210 1539 2256 quin
1569 2224 1611 2245 ex
1641 2211 1773 2246 Latino
1807 2213 1910 2244 Deve-

1202 2261 1270 2295 m're
1296 2259 1530 2296 descenderit.
1559 2261 1622 2296 Sed
1652 2261 1829 2309 quomodo
1855 2257 1910 2292 di-

1202 2311 1296 2347 versa
1325 2311 1357 2346 ei
1395 2325 1414 2347 a
1441 2311 1575 2347 Latino
1612 2310 1818 2360 significatio
1853 2308 1909 2342 in-

1200 2362 1276 2398 dita
1302 2361 1371 2399 fuit
1398 2362 1435 2397 in
1465 2363 1590 2398 Italica
1620 2358 1781 2407 Lingua?
1811 2360 1908 2393 Ana-

1200 2413 1331 2462 logiam
1359 2413 1497 2461 accipe.
1518 2413 1584 2448 Uti
1609 2411 1752 2448 Latium
1778 2422 1819 2443 ex
1844 2411 1909 2441 Va·

1198 2466 1239 2499 do
1275 2463 1476 2500 efformavit
1513 2464 1678 2504 Evadere,
1712 2457 1908 2508 significans

1198 2515 1320 2556 Fieri.
1365 2514 1418 2551 ita
1456 2511 1662 2559 subsequuta
1702 2511 1841 2565 Secula.
1863 2521 1909 2545 ex

1761 2563 1857 2598 Vento
