2169 3047
440 240 522 281 247
712 223 1144 282 ANTLQUJ'J'.
1193 227 1447 270 MEDII
1489 228 1679 270 ARV]
1861 232 1943 282 248

377 283 421 317 (9⁴
447 282 718 330 Stamignolarum
747 285 779 318 in
799 284 943 319 Civitate
966 283 1137 326 Mutinae,
1166 287 1214 322 'A
1248 287 1366 330 mani,
1393 287 1565 323 Claudiam
1591 288 1675 322 vero
1703 293 1762 322 aut
1783 287 1920 332 Regiam
1940 300 2004 323 nos

377 334 532 379 quisunt
559 336 593 368 in
620 348 737 381 magna
773 337 973 382 quantitate,
1015 344 1139 382 petunt

381 393 421 418 ut
447 384 554 420 liceat
581 384 630 420 eis
658 385 782 421 habere
810 385 1019 433 peculiarem
1041 384 1139 420 Mas-

379 433 508 470 sarium
537 435 639 471 Artis
667 435 763 471 suae.
807 438 846 471 In
888 436 1036 471 statutis
1064 436 1139 481 eju-

378 483 474 520 sdem
524 485 631 521 Urbis
683 488 791 522 Anno
840 488 1138 522 MCCCXXVII.

378 535 464 572 Lib.
496 547 529 571 2.
560 535 701 571 Rubric.
731 549 786 583 17.
812 536 895 572 haec
923 536 1061 585 insuper
1088 537 1137 571 le-

379 595 530 634 guntur:
554 587 695 630 Nullus,
723 587 778 633 qui
790 586 836 627 stt
859 587 994 633 scriptus
1014 587 1048 621 in
1066 591 1139 622 Ar-

378 646 410 671 te
437 636 631 670 Bixellomm
660 636 870 683 (Bixellum‚
912 650 1003 673 nunc
1032 638 1138 682 Bisel-

378 686 429 730 lo,
458 699 563 734 genus
591 686 636 722 est
665 687 771 735 panni
799 687 975 736 vulgaris,
1003 701 1022 723 e
1049 687 1137 723 cras-

377 736 415 772 so
443 735 506 772 filo
526 738 710 781 contexti,
731 736 768 774 &
792 738 973 786 praecipue
994 738 1031 774 in
1053 740 1137 774 Mu-

376 786 564 822 tinenfium
606 788 787 823 montibus
833 788 985 836 usitati)
1021 792 1137 824 audeat

377 838 544 883 immiscere
570 838 699 885 aliquod
731 839 833 887 pilum
873 840 912 874 de
938 841 1041 884 bove,
1082 842 1138 874 vel

375 889 416 923 de
443 899 536 933 capra
553 915 563 933 ‚
590 890 644 923 vet
670 892 709 925 de
734 889 824 931 afina
841 918 852 936 ,
890 892 942 924 vel
970 891 1008 925 de
1039 903 1135 937 yrco,

377 941 417 974 de
443 950 589 984 coprete,
615 940 669 974 vel
696 944 734 975 de
760 954 832 975 cane
848 968 858 985 ,
884 941 938 975 vel
964 941 1073 976 lanam
1099 944 1136 975 de

379 991 577 1037 Petegatiis,
604 1004 670 1026 eum
697 991 774 1027 lana
800 995 838 1026 de
865 995 999 1033 Pecom,
1026 992 1080 1025 vel
1099 995 1137 1025 de

375 1042 558 1092 'Agnellino
584 1043 652 1079 &¹6.
681 1041 743 1080 Sed
765 1055 807 1080 ne
827 1042 894 1080 tibi
919 1041 1136 1092 persuadeas,

380 1094 503 1131 stetisse
531 1094 609 1131 heic
637 1102 748 1132 totam
778 1096 926 1132 Civium
965 1109 1002 1131 ac
1040 1093 1137 1130 Mer-

383 1156 539 1182 catorum
569 1146 825 1182 Mutinensium
848 1146 1073 1188 industriam,
1101 1145 1138 1182 in

382 1197 601 1246 praecedenti
641 1199 781 1234 Rubrio.
816 1201 870 1234 16.
901 1197 983 1232 haec
1012 1196 1139 1232 haben-

383 1259 467 1284 tur:
498 1251 665 1289 Tutores,
707 1252 759 1283 vel
796 1249 937 1284 textrices
963 1248 1065 1295 panni
1091 1248 1141 1283 la-

382 1313 467 1338 nae,
494 1299 579 1339 lim',
609 1299 745 1344 bindae,
774 1303 891 1349 setae,
934 1300 986 1333 vel
1012 1300 1142 1334 Zenda—

381 1350 445 1389 lis,
473 1363 532 1384 non
559 1351 692 1385 debeant
719 1352 846 1397 recipere
886 1351 1014 1396 aliquod
1045 1349 1143 1394 filum

376 1400 611 1446 praedirorum
631 1429 639 1443 ,
666 1402 720 1435 vel
747 1403 854 1435 Seram
882 1400 943 1440 nili
968 1400 1068 1445 primo
1095 1410 1139 1431 to-

379 1464 448 1486 tum
486 1451 586 1495 fuerit
621 1451 785 1498 pensatum
815 1451 882 1485 &aa
911 1449 974 1485 Sed
1009 1447 1145 1496 potiffi-

384 1503 481 1538 mum
512 1501 712 1538 Florentiae
741 1501 812 1549 post
841 1502 986 1536 Annum
1024 1500 1146 1534 MCC.

385 1551 424 1588 &
454 1552 593 1588 uberius
622 1565 761 1600 quoque
790 1550 860 1600 post
891 1552 1044 1587 MCCC.
1073 1562 1146 1585 cre-

383 1603 441 1638 vit
472 1604 541 1638 Ars
571 1602 680 1638 serici
697 1630 706 1646 ‚
736 1615 774 1638 ac
802 1601 974 1638 Lanificii
992 1628 1003 1645 ‚
1030 1601 1081 1636 ita
1108 1609 1148 1636 ut

383 1654 567 1701 complura
595 1652 781 1689 hominum
804 1652 920 1687 millia
941 1652 978 1687 in
1000 1652 1045 1687 iis
1066 1665 1148 1699 ope-

383 1713 573 1747 rarentur,
614 1704 648 1738 &
677 1716 721 1739 ex
749 1702 917 1751 ejusmodi
948 1701 1059 1737 studio
1087 1701 1149 1737 fibi

385 1752 572 1789 neceffaria
621 1753 662 1788 ad
707 1753 820 1789 vitam
869 1752 1116 1799 conquirerent
1141 1778 1150 1786 .

388 1803 471 1840 Pari
499 1803 606 1839 etiam
637 1804 873 1840 aemulatione
902 1802 1149 1839 Mediolanen-

389 1853 464 1896 sesq
493 1853 758 1897 Bononiensts,
801 1852 1043 1893 veronenses,
1087 1855 1151 1888 Pa-

388 1903 507 1941 tavini
538 1904 604 1940 sese
644 1905 794 1940 Artibus
831 1904 925 1939 hisce
962 1903 1152 1947 addixere,

389 1955 443 1992 ita
471 1965 511 1991 ut
539 1954 680 1990 haberet
725 1954 849 1994 Italia,
892 1954 982 1989 unde
1023 1954 1153 1990 exteris

390 2005 533 2054 aliquot
569 2005 772 2054 regionibus
815 2018 946 2053 pannos
988 2019 1026 2041 ac
1067 2007 1154 2041 telas

392 2056 654 2104 suppeditaret,
691 2069 780 2104 quae
820 2068 933 2098 nunc,
980 2056 1003 2091 fi
1032 2071 1155 2106 paucas

392 2108 507 2143 Urbes
549 2107 732 2155 excipias,
773 2105 888 2142 oblita
930 2105 1006 2151 sui,
1051 2100 1186 2156 atque>

394 2157 473 2193 otio
500 2157 568 2192 vili
597 2166 781 2205 corrupta,
809 2157 851 2192 ab
871 2158 1000 2194 exteris
1020 2167 1076 2194 tot
1100 2160 1157 2196 in·-

393 2208 644 2243 dumentorum
688 2207 817 2257 species
863 2220 992 2255 magno
1042 2210 1155 2247 emit.

393 2259 577 2295 Habemus
605 2259 642 2294 in
670 2259 695 2293 l.
726 2259 884 2292 interdum
904 2259 947 2305 ff
976 2261 1015 2295 de
1040 2263 1156 2296 Publi-

393 2310 502 2353 canr's,
531 2323 618 2357 quae
645 2309 733 2344 olim
757 2309 872 2355 species
895 2311 1087 2353 pertinerent
1112 2314 1157 2348 ad

395 2360 558 2406 vefffigal.
587 2360 722 2408 Accipe
748 2373 862 2400 nunc,
897 2372 1067 2408 quantum
1095 2376 1155 2398 ve-

396 2411 539 2461 &igalis
586 2411 751 2447 Mutinae
802 2410 1007 2460 penderetur
1046 2415 1156 2450 Anno

396 2464 607 2500 MCCCVI.
636 2476 697 2511 pro
737 2463 910 2498 mercibus
946 2464 1154 2501 transvec'tis

399 2528 460 2561 per
485 2516 628 2548 stratam
667 2514 858 2557 Claudiam,
895 2527 1000 2562 quam
1029 2516 1155 2551 Aemi—

399 2565 486 2603 liam
513 2565 697 2616 appellaffe
725 2564 889 2602 videntur
914 2566 1055 2616 antiqui
1082 2569 1155 2604 Ro-

1248 351 1266 374 a
1294 337 1416 373 multis
1443 337 1575 374 Seculis
1617 336 1885 373 constantiffime
1913 351 2004 373 nun-

1248 401 1432 436 cupamus.
1469 390 1567 425 Hinc
1594 400 1708 424 autem
1739 387 1921 436 agnoscere
1948 388 2006 423 in-

1248 440 1378 488 cipies,
1406 449 1493 488 quot
1513 452 1637 488 genera
1658 439 1827 474 mercium
1850 453 1891 474 eo
1914 449 2005 474 tem-

1249 503 1330 538 pore
1356 490 1463 526 effent
1489 490 1528 526 in
1556 489 1639 525 usu.
1693 491 1812 535 Itaque
1854 489 1894 524 ad
1923 502 2004 524 eum

1248 543 1393 576 Annum
1421 541 1459 576 in
1498 540 1641 588 Regesto
1682 541 1788 575 MSco
1819 539 2003 588 Reipubli-

1249 604 1307 626 cae
1349 590 1561 626 Mutinenfis
1603 600 1866 624 memorantur:
1910 594 2003 625 Soma

1247 645 1339 675 setae
1365 642 1524 675 laboratae
1550 640 1593 673 (9⁶
1620 652 1679 673 non
1707 638 1886 674 laboratae.
1913 644 2006 677 Soma

1247 691 1401 737 Zaffrani
1428 691 1470 725 ἐν
1497 691 1642 725 Braxilis
1663 689 1676 736 (
1696 703 1821 724 nomen
1843 689 1909 725 hoc
1929 690 2007 726 ani—

1249 742 1448 780 madverte,
1498 741 1539 777 de
1586 754 1655 789 quo
1704 739 1792 775 mihi
1838 741 1906 776 erit
1934 741 2006 790 post

1248 805 1354 840 pauca
1400 792 1510 827 sermo
1528 792 1560 840 ).
1613 795 1707 826 som:
1745 795 1924 825 pannorum
1966 794 2006 826 de

1249 843 1433 878 Mediolano
1459 842 1504 881 &⁹
1533 845 1625 876 Como
1651 842 1696 880 a&
1733 842 1921 882 Florentia,
1965 843 2009 877 (9⁶

1248 893 1404 929 tutalanis
1430 895 1467 927 de
1495 893 1639 927 Bononia
1662 891 1769 938 (idest
1789 905 1806 927 e
1830 893 1908 927 lana
1929 903 2008 928 tan-

1249 945 1323 979 tum
1353 942 1521 978 confectis
1538 943 1552 991 )
1570 969 1579 978 .
1605 945 1699 977 Soma
1726 943 1819 976 lanae
1844 944 1881 976 de
1907 943 2010 977 Cuni-

1247 1009 1284 1028 κε
1312 995 1421 1042 (lego
1449 995 1599 1033 Tunixe,
1632 1006 1723 1029 nunc
1751 992 1863 1034 Tunisi
1892 992 1927 1028 in
1958 994 2011 1029 A—

1250 1044 1361 1093 frica)
1391 1045 1433 1078 (5¹
1459 1049 1497 1078 de
1523 1048 1635 1090 BWZM
1674 1045 1787 1092 (quae
1829 1043 1874 1079 est
1905 1043 2010 1079 Afro-

1249 1108 1325 1131 rum
1355 1094 1497 1132 civitas
1524 1094 1561 1130 in
1594 1097 1714 1143 Regno
1758 1095 2011 1143 Algeriano).

1249 1150 1343 1182 Soma
1369 1150 1551 1182 Pannorum
1578 1147 1813 1192 mezalanorum
1839 1148 1876 1178 de
1904 1149 2010 1179 Bono-

1251 1199 1329 1238 nia,
1367 1201 1642 1240 Mantuanorum,
1686 1194 1923 1239 Veronenfium,
1965 1195 2012 1234 &⁶

1251 1249 1486 1290 Brixiensium.
1516 1252 1609 1283 Soma
1636 1248 1852 1288 Bmillwum,
1881 1245 1926 1284 ἔφ’
1955 1249 2014 1282 ,Α-

1247 1300 1459 1347 gnellinorum
1487 1299 1654 1333 tinfiorum
1674 1297 1720 1335 ό*
1741 1311 1800 1331 non
1823 1296 2015 1333 zinc‘lorum.

1252 1355 1344 1385 Soma
1371 1361 1470 1384 terrae
1497 1351 1621 1387 Time,
1658 1350 1696 1383 de
1723 1362 1784 1395 qua
1806 1346 1850 1391 fit
1877 1347 2017 1382 aurical-

1252 1402 1358 1436 chum.
1389 1399 1493 1435 FaSta
1520 1399 1565 1434 est
1594 1399 1671 1435 heic
1700 1399 1835 1434 mentio
1864 1401 2016 1443 Buzeae.

1253 1450 1363 1486 Certe
1390 1451 1480 1485 olim
1510 1449 1668 1483 Saraceni
1698 1448 1736 1482 ἃ.
1777 1451 1937 1488 Arabes,
1979 1448 2018 1483 in

1254 1500 1374 1535 Coriis
1412 1497 1571 1547 parandis
1609 1498 1649 1533 ad
1693 1497 1788 1533 usum
1830 1497 2019 1534 hominum

1254 1550 1482 1591 eminebant,
1510 1561 1700 1597 eorumque
1730 1548 1803 1584 vim
1832 1549 2015 1597 ingentem

1257 1615 1316 1650 per
1357 1601 1497 1636 Italiam
1544 1600 1823 1636 distribuebant.
1859 1600 1956 1636 Hinc
1997 1613 2018 1636 a

1258 1652 1415 1700 pluribus
1465 1651 1596 1687 Seculis
1648 1650 1738 1693 apud
1792 1664 1853 1686 nos
1896 1650 2020 1687 sonant

1258 1703 1340 1737 haec
1390 1703 1582 1741 vocabula,
1634 1702 1877 1744 Marochinum‚
1937 1700 2022 1737 idest

1259 1752 1394 1786 corium
1436 1765 1454 1785 a
1496 1750 1674 1785 Marochii
1717 1753 1863 1797 Pupulis
1901 1751 1938 1786 in
1967 1753 2022 1787 A·

1259 1801 1346 1837 frica
1388 1799 1609 1848 profetstumg
1648 1801 1681 1835 8<
1730 1804 1953 1836 cordo-uanum
1999 1814 2021 1836 a

1261 1852 1436 1888 Saracenis
1463 1852 1551 1886 olim
1580 1849 1767 1887 Cordubae
1788 1852 1823 1888 in
1849 1849 2022 1897 Hispania

1262 1903 1526 1938 dominantibus
1546 1903 1760 1938 elaboratum
1775 1932 1783 1939 .
1807 1900 2021 1936 Peritiorum

1262 1955 1329 1990 erit
1357 1953 1556 2002 inquirere,
1599 1967 1681 1989 num
1710 1967 1728 1987 c
1772 1952 1909 1998 Bagra,
1951 1950 2021 1987 five

1262 2007 1378 2053 Bugea
1422 2003 1564 2040 Africae
1607 2005 1725 2041 Urbe,
1767 2015 1870 2048 quam
1914 2001 2022 2038 nostri

1262 2060 1375 2101 Buzea
1401 2056 1622 2104 appellabant
1639 2080 1649 2094 ,
1679 2062 1814 2094 praeter
1841 2053 1937 2088 lanas
1964 2054 2019 2088 in-

1262 2107 1303 2141 de
1331 2107 1481 2145 delatas,
1509 2104 1660 2140 derivari
1682 2103 1838 2153 potuerit
1857 2117 1927 2138 vox
1950 2107 2021 2139 Ba-

1263 2171 1349 2204 zana
1376 2171 1437 2200 pro
1464 2159 1620 2203 Bugeana
1639 2182 1649 2198 ,
1699 2154 1790 2203 quasi
1840 2154 1880 2189 fit
1897 2168 1900 2178 τ
1920 2153 2023 2201 pellis

1263 2208 1417 2243 vitulina
1444 2215 1504 2243 aut
1530 2207 1638 2242 ovina
1658 2205 1816 2241 confeEia
1837 2220 1854 2241 a
1877 2204 2021 2251 P-opu'lit

1264 2261 1422 2307 Bugeae,
1460 2272 1501 2294 an
1540 2271 1582 2293 ex
1625 2257 1694 2293 alia
1732 2258 1894 2305 regione.
1918 2256 2021 2301 squ'a'e

1264 2310 1305 2346 ad
1334 2323 1396 2345 nos
1424 2310 1547 2345 mittat
1573 2308 1742 2358 ejusmodi
1781 2309 1905 2355 pelles.
1943 2306 2020 2354 Ego

1265 2371 1383 2397 tamen
1412 2360 1580 2409 pellium,
1622 2373 1705 2408 quas
1741 2362 1875 2400 Bazane
1900 2357 2021 2404 appel-

1264 2413 1399 2456 lamus,
1428 2412 1544 2454 potius
1572 2411 1614 2446 ab
1641 2411 1760 2457 aliquo
1779 2408 1941 2452 Oppido,
1963 2405 2022 2443 cui

1265 2477 1395 2499 nornen
1423 2462 1464 2497 fit
1493 2466 1681 2507 Bazanum,
1709 2468 1768 2494 aut
1789 2459 1829 2492 ab
1850 2458 1921 2493 alio
1941 2456 2022 2492 fon-

1264 2523 1300 2550 te
1327 2513 1526 2562 proceffiffe*
1544 2523 1671 2546 nomen
1700 2508 1888 2558 suspicor..
1915 2509 2023 2543 Men-

1264 2564 1399 2602 tionem
1426 2575 1565 2611 quoque
1591 2561 1738 2598 Braxilis
1772 2572 1899 2609 nuper.
1919 2558 2022 2615 inve-

1916 2621 1975 2646 12!-
