2169 3047
352 204 437 245 903

703 187 1319 247 ANTJQJJT.MED11
1353 191 1515 238 AEVJ

346 245 564 295 significante
591 246 759 289 Lt'mbum‚
788 248 934 292 Fasciam
963 262 1057 296 prae·
1096 251 1130 285 A

347 297 467 333 sertim
496 297 604 347 pilei,
641 275 836 347 profeglum
864 308 965 347 putat
992 299 1057 335 hoc

347 360 498 384 nomen.

298 403 410 440 Orma.
442 400 630 447 Vestigium.
659 402 694 437 A
721 402 836 437 Forma
859 402 1055 438 Ferrarius:

349 474 371 497 a
415 461 550 495 Graeco
581 452 702 507 O'pw)
747 461 810 496 alii
854 461 1058 497 deducunt.

350 524 469 557 ,Forma
489 518 637 554 omnino
657 519 873 566 explodenda
886 547 895 555 .
919 513 1061 567 Ο’ρμη“,

351 571 437 608 idest
464 574 623 613 conatus,
652 571 809 614 Impetus,
838 570 890 605 nil
918 571 1055 605 consen-

351 621 406 658 sus
434 621 538 655 habet
566 632 644 655 cum
683 620 841 667 Vestigio.
878 621 992 670 igitur
1019 634 1061 656 ex

352 672 512 719 Arabum
551 671 689 719 Lingua
729 671 926 708 deducenda
964 671 1057 707 vide-

353 731 414 758 tur
440 723 523 757 haec
551 734 644 761 vox
682 735 786 768 quum
826 722 872 758 iis
907 722 949 759 fit
976 727 1059 758 Aor-

354 787 429 816 ma,
457 771 652 821 significans
676 774 757 816 Vesti
748 775 866 820 tgium,
887 775 1063 817 Indicium,

355 832 396 860 ut
431 824 586 873 Giggeus
622 823 898 861 animadvertit.
940 825 1063 873 Hiipa-

357 874 457 911 nicae
485 888 623 924 quoque
652 876 812 924 Linguae
839 876 884 912 est
924 880 1064 919 Horma.

305 925 474 974 Oflaggio.
501 928 610 971 Obses.
639 925 777 962 Voffius
806 927 888 963 Lib.
914 939 946 975 3.
975 925 1065 975 Cap.

363 990 419 1024 14.
446 977 488 1013 de
509 977 619 1012 Vitiis
647 979 802 1013 Sermon.
831 977 916 1013 scite
943 978 1064 1024 opina·

312 1044 314 1046 ’
358 1037 415 1064 tus
436 1028 480 1064 est
500 1028 541 1063 ab
561 1027 712 1076 Obfidage
740 1030 961 1072 efformatum
984 1027 1066 1063 fuis-

358 1078 393 1115 se
434 1079 612 1126 Ostaggio‚
654 1093 761 1127 quum
801 1080 990 1132 Eutropius
1033 1079 1066 1112 &

359 1129 574 1165 Ammianus
613 1129 672 1165 suo
700 1130 807 1165 etiam
836 1141 993 1178 ternpore
1022 1127 1066 1163 ufi

359 1178 492 1214 fuerint
521 1192 606 1214 voce
633 1179 823 1220 Oblidatus.
853 1180 1067 1216 Sententiam

360 1229 486 1265 laudo.
515 1229 600 1273 Sed,
630 1243 670 1265 an
700 1240 792 1266 certa
821 1230 882 1275 fit,
910 1230 1070 1266 dubitare

361 1279 473 1323 adhuc
502 1293 630 1325 perg0.
659 1280 817 1325 Suspicio
844 1281 975 1326 quippe
1002 1280 1059 1313 mi-

360 1328 399 1363 hi
438 1328 579 1370 haeret,
618 1327 696 1361 fieri
739 1327 913 1373 potuisse,
952 1336 990 1361 ut
1027 1340 1070 1361 ex

360 1378 468 1418 Hostis
505 1375 682 1412 emerserit
719 1390 790 1412 vox
828 1376 913 1419 ista,
952 1376 992 1411 ad
1029 1375 1067 1410 fi—

359 1427 599 1478 gnificandum
620 1428 742 1474 Pignus
769 1427 824 1463 seu
852 1426 1072 1462 Vadimonium

360 1479 404 1516 ab
441 1479 534 1521 Hoste
569 1478 761 1513 traditum.
797 1478 920 1514 Litera
948 1481 987 1513 T.
1015 1478 1065 1513 in-

361 1529 548 1578 terposita,
586 1528 759 1577 originem
789 1529 905 1577 potius
935 1529 976 1564 ab
1005 1532 1066 1563 Ho—

357 1581 429 1624 ste,
458 1581 561 1628 quam
591 1579 632 1614 ab
659 1579 751 1624 Obses
769 1607 779 1623 ,
821 1579 977 1621 indicare
1018 1579 1064 1615 vi>

360 1630 482 1666 detur.
510 1630 680 1678 Scriptam
708 1643 848 1679 quoque
877 1644 935 1678 per
957 1633 999 1665 H.
1020 1644 1065 1666 re-

359 1682 515 1731 perimus
543 1680 631 1716 hanc
661 1694 782 1716 vocem
803 1706 813 1721 ‚
843 1681 977 1717 scilicet
1006 1685 1068 1716 Ho-

353 1732 499 1779 stagius.
528 1731 692 1776 Occurrit
720 1731 754 1768 ὅ(
787 1732 984 1775 Hastaticus,
1016 1732 1071 1768 seu

360 1785 544 1828 ostaticus,
592 1783 645 1819 uti
692 1781 946 1832 Du—Cangius
988 1796 1070 1818 con-

360 1834 498 1869 tendit:
538 1847 626 1882 quae
667 1834 778 1882 prima
817 1836 886 1869 vox'
931 1835 1071 1883 propius

361 1884 497 1920 accedit
534 1885 574 1920 ad
612 1884 708 1920 istam
739 1885 843 1926 Hostis
871 1885 1043 1934 originem
1062 1911 1071 1925 ,

362 1934 468 1981 quarn
511 1935 550 1970 ad
589 1937 732 1972 alteram
772 1937 886 1980 Obses.
927 1935 965 1970 ln
1004 1935 1072 1971 fine

361 1984 468 2021 Libri
497 1985 608 2021 Primi
628 1986 887 2023 Chronicorum
910 1989 1070 2022 Genuen-

362 2033 446 2070 fium
477 2033 612 2070 Caffari
640 2037 789 2084 legitur:
821 2041 985 2073 Dederunt
1004 2051 1063 2072 cen-

362 2094 432 2120 tum
458 2089 626 2119 saracenos
660 2086 699 2118 de
733 2087 910 2122 melioribus
937 2088 1070 2130 Obstat?-

363 2148 412 2170 cos
441 2135 475 2168 in
501 2134 650 2181 potestate
677 2138 909 2178 januensium.
947 2141 974 2172 E
1004 2141 1070 2174 La-

363 2184 444 2222 tino
485 2186 593 2220 verbo
630 2184 755 2227 obstare
790 2186 871 2233 quei
913 2186 980 2227 rite
1015 2189 1056 2224 de

362 2234 446 2271 duci
487 2234 590 2284 poffit
626 2234 693 2280 hoc
734 2237 966 2284 vocabulum,
1002 2252 1073 2275 non

322 2324 326 2327 .
365 2284 494 2329 video,

1108 704 1137 739 B

1093 1185 1094 1188 =
1109 1161 1142 1197 G

1113 1609 1146 1644 D

1117 2066 1145 2100 E

1179 1409 1298 1454 Paese.

1182 2323 1298 2358 Paliv.

1778 212 1866 252 904

1510 303 1585 395 P

1245 454 1441 502 Adigh'one.
1483 455 1666 490 Teneorium
1681 483 1692 499 ‚
1730 457 1930 495 Tabernaeu-

1270 506 1335 539 lum
1362 505 1519 539 militum.
1558 506 1716 541 Ferrario
1742 509 1774 543 8<
1804 512 1932 546 Mena-

1222 555 1283 603 gio
1313 554 1564 590 deducentibus
1601 553 1689 590 hanc
1727 569 1849 594 vocem
1887 575 1931 597 ex

1223 605 1358 641 Latino
1385 605 1534 650 Papilio,
1562 618 1780 654 nequaquam
1809 609 1932 646 adver-

1225 655 1303 691 sor.
1346 656 1518 690 Attamen
1564 655 1828 694 dubitationem
1865 660 1932 696 ali-

1225 718 1329 754 quam
1367 705 1497 754 ingerit
1536 706 1624 743 mihi
1662 708 1750 746 illud
1782 713 1818 745 Ρ.
1848 724 1931 746 con-

1226 756 1360 794 versum
1391 757 1426 791 in
1457 760 1500 793 D.
1530 758 1685 796 Fieri—ne
1714 760 1857 808 potuit,
1895 771 1935 798 ut

1226 821 1244 843 e
1272 809 1405 851 Panda,
1442 811 1582 843 Pandere
1611 811 1779 856 prodierit
1807 814 1936 847 Pandi-

1226 859 1291 902 lio,
1314 872 1351 894 ac
1372 858 1521 905 denique
1541 861 1758 906 Padiglione?
1784 864 1837 897 lta
1862 876 1936 898 cer·-

1227 918 1262 944 te
1299 923 1317 944 a
1344 911 1451 944 Tendo
1487 913 1624 947 Tendere
1659 922 1779 947 natum
1820 916 1938 947 Tento-

1227 960 1308 994 rium
1345 960 1584 1005 Latinorum,
1626 971 1729 1009 atque
1771 963 1936 1002 ltalsscum

1228 1012 1364 1051 Tenda‚
1400 1012 1433 1046 8<
1471 1012 1594 1056 Tensa‚
1631 1026 1698 1059 qua
1736 1027 1822 1049 voce
1858 1014 1936 1051 usus

1228 1061 1272 1097 est
1299 1065 1388 1097 Otto
1417 1064 1585 1099 Morena.
1622 1063 1713 1100 Vide
1741 1063 1830 1099 infra
1861 1078 1939 1101 ver-

1229 1112 1310 1147 burn
1354 1113 1580 1157 Shadigliare.
1620 1116 1742 1159 Neque
1779 1114 1938 1151 diffimu-

1229 1161 1394 1200 landum
1426 1162 1548 1196 Gallos
1579 1175 1638 1207 pro
1667 1166 1714 1196 Pa
1717 1165 1856 1209 diglione
1883 1165 1939 1201 di-

1229 1225 1304 1253 cere
1332 1212 1520 1255 Pav1'5llon
1557 1214 1604 1252 H
1614 1211 1733 1269 spanos
1764 1216 1844 1249 vero
1872 1219 1941 1250 Ρτ-

1228 1263 1353 1296 ·vc.llon
1381 1264 1499 1305 Quare
1525 1262 1561 1295 in
1589 1262 1726 1308 origine
1754 1264 1850 1299 vocis
1875 1264 1942 1301 hu-

1231 1311 1317 1394 {uss}
1311 1300 1490 1347 dubitatio
1527 1310 1638 1347 „adhuc
1676 1309 1840 1358 superesse
1878 1327 1942 1372 po-

1230 1366 1263 1392 te

1336 1410 1462 1456 Regio.
1499 1410 1637 1454 Jamdiu
1675 1412 1766 1449 reste
1795 1427 1942 1457 monue-

1230 1470 1311 1496 runt
1341 1461 1515 1509 Scaliger,
1547 1462 1764 1510 Bignonius,
1785 1465 1825 1500 &
1855 1466 1945 1512 alii,

1231 1511 1442 1546 vocabulum
1473 1511 1559 1551 ho<
1599 1515 1649 1551 uti
1686 1516 1716 1549 &
1748 1518 1822 1550 Ραϊ
1854 1518 1942 1554 Gal-

1232 1562 1374 1605 lorum,
1403 1562 1565 1599 emerfiffe
1595 1578 1612 1600 e
1641 1568 1770 1612 Pagus,
1810 1566 1943 1616 fignifi-

1233 1624 1333 1648 cante
1362 1626 1432 1649 non
1462 1615 1619 1655 Vicum,
1657 1615 1711 1651 sed
1740 1618 1942 1664 Rgionem‚

1233 1663 1302 1707 five
1332 1664 1482 1706 trafium
1521 1676 1716 1707 terrarum.
1756 1668 1839 1704 lnde
1876 1672 1944 1705 Pa-

1229 1715 1354 1767 gensis,
1384 1719 1430 1750 Pa
1431 1718 1544 1761 genle,
1573 1720 1686 1761 Paese.
1713 1719 1828 1766 Hujus
1854 1721 1944 1765 Ery-

1231 1763 1411 1813 mologiae
1439 1767 1572 1805 idcirco
1601 1767 1815 1804 mentionem
1847 1769 1944 1815 feci,

1235 1825 1273 1851 ut
1300 1829 1372 1862 ejus
1401 1815 1706 1856 confirmationem
1746 1818 1896 1867 accipiat
1925 1834 1944 1861 e

1234 1865 1348 1901 verbis
1379 1867 1561 1915 Legendae
1600 1868 1744 1905 Italicae
1781 1880 1945 1916 pervetu-

1235 1917 1299 1952 stae
1328 1917 1502 1962 cujusdam
1534 1917 1605 1954 Fel
1614 1918 1683 1959 cis
1715 1932 1802 1967 quae
1829 1919 1865 1957 in
1895 1923 1944 1956 E-

1235 1966 1329 2003 stensl
1358 1967 1581 2005 Bibliotheca
1609 1968 1829 2006 adservatur.
1868 1972 1945 2017 Ces-

1230 2019 1324 2064 faran
1353 2017 1456 2065 (sunt
1485 2019 1557 2066 ejus
1585 2020 1717 2068 verba)
1753 2021 1779 2054 li
1814 2022 1945 2057 Amba·

1229 2069 1389 2114 sciadori,
1416 2070 1443 2103 li
1469 2070 1558 2116 quali
1585 2070 1614 2103 lo
1643 2074 1692 2104 Re
1723 2072 1826 2106 havea
1854 2086 1946 2108 man-

1234 2120 1304 2155 dati
1327 2131 1383 2167 per
1409 2121 1435 2153 li
1462 2120 1608 2167 Pagiest,
1636 2135 1656 2158 a
1683 2123 1726 2156 ιὸ
1749 2123 1850 2158 chela
1865 2136 1948 2173 gen-

1235 2180 1265 2204 te
1291 2184 1330 2203 vr
1335 2168 1406 2212 nisse
1434 2171 1505 2208 &a

1186 2222 1303 2256 Palco.
1344 2220 1436 2255 Vide
1479 2221 1577 2269 supra
1615 2224 1824 2264 vocabulum
1862 2224 1943 2267 Bal-

1234 2286 1323 2309 lone.

1342 2322 1519 2361 Bavium.
1550 2325 1582 2359 A
1613 2325 1694 2361 Lat
1700 2339 1745 2364 no
1776 2324 1938 2367 Pallt‘um2

1235 2371 1302 2428 {igr
1323 2371 1380 2407 fi
1371 2383 1449 2407 anre
1469 2374 1555 2408 olim
1580 2375 1662 2410 vest
1671 2389 1724 2415 m,
1748 2390 1779 2421 qn
1784 2389 1810 2409 ta
1832 2377 1941 2411 Grae-

1236 2425 1267 2457 ci
1295 2424 1326 2457 δι
1366 2423 1568 2469 Philosophi
1607 2426 1642 2460 in
1682 2425 1826 2470 primis,
1865 2434 1941 2460 ute-

1237 2474 1385 2517 bantur,
1416 2473 1454 2508 hm
1461 2474 1577 2509 &enus
1607 2474 1773 2507 creditum
1807 2474 1940 2520 fuerat,

1235 2524 1391 2573 Majores
1431 2525 1558 2567 nostros
1599 2522 1785 2561 desumfiffe
1823 2525 1942 2564 Palio.

1796 2576 1941 2618 ,At1
