<?xml version="1.0" encoding="UTF-8"?>
<!DOCTYPE html PUBLIC "-//W3C//DTD XHTML 1.0 Transitional//EN"
    "http://www.w3.org/TR/xhtml1/DTD/xhtml1-transitional.dtd">
<html xmlns="http://www.w3.org/1999/xhtml" xml:lang="en" lang="en">
 <head>
  <title>
</title>
<meta http-equiv="Content-Type" content="text/html;charset=utf-8" />
  <meta name='ocr-system' content='tesseract 3.04.00' />
  <meta name='ocr-capabilities' content='ocr_page ocr_carea ocr_par ocr_line ocrx_word'/>
</head>
<body>
  <div class='ocr_page' id='page_1' title='image "antiquitatesital06mura_0517.png"; bbox 0 0 2169 3047; ppageno 0'>
   <div class='ocr_carea' id='block_1_1' title="bbox 250 228 355 269">
    <p class='ocr_par' dir='ltr' id='par_1_1' title="bbox 250 228 355 269">
     <span class='ocr_line' id='line_1_1' title="bbox 250 228 355 269; baseline 0.01 -14"><span class='ocrx_word' id='word_1_1' title='bbox 250 228 355 269; x_wconf 79' lang='lat'>1025</span> 
     </span>
    </p>
   </div>
   <div class='ocr_carea' id='block_1_2' title="bbox 524 208 1462 255">
    <p class='ocr_par' dir='ltr' id='par_1_2' title="bbox 524 208 1462 255">
     <span class='ocr_line' id='line_1_2' title="bbox 524 208 1462 255; baseline 0.004 -4"><span class='ocrx_word' id='word_1_2' title='bbox 524 209 888 252; x_wconf 48' lang='lat' dir='ltr'>DJSQRTAJJO</span> <span class='ocrx_word' id='word_1_3' title='bbox 919 208 1462 255; x_wconf 54' lang='lat' dir='ltr'>JRJGESJMATERTJAE</span> 
     </span>
    </p>
   </div>
   <div class='ocr_carea' id='block_1_3' title="bbox 188 269 1006 313">
    <p class='ocr_par' dir='ltr' id='par_1_3' title="bbox 188 269 1006 313">
     <span class='ocr_line' id='line_1_3' title="bbox 188 269 1006 313; baseline 0 -8"><span class='ocrx_word' id='word_1_4' title='bbox 188 273 406 307; x_wconf 64' lang='lat' dir='ltr'>Trabaldare.</span> <span class='ocrx_word' id='word_1_5' title='bbox 434 269 525 304; x_wconf 85' lang='lat' dir='ltr'><em>Clam</em></span> <span class='ocrx_word' id='word_1_6' title='bbox 553 279 654 313; x_wconf 81' lang='lat' dir='ltr'>captos</span> <span class='ocrx_word' id='word_1_7' title='bbox 681 269 858 309; x_wconf 80' lang='lat' dir='ltr'><em>dimittere,</em></span> <span class='ocrx_word' id='word_1_8' title='bbox 887 269 940 305; x_wconf 82' lang='lat' dir='ltr'>uti</span> <span class='ocrx_word' id='word_1_9' title='bbox 976 270 1006 304; x_wconf 83' lang='lat' dir='ltr'>A</span> 
     </span>
    </p>
   </div>
   <div class='ocr_carea' id='block_1_4' title="bbox 185 317 939 1164">
    <p class='ocr_par' dir='ltr' id='par_1_4' title="bbox 230 317 939 820">
     <span class='ocr_line' id='line_1_4' title="bbox 238 317 935 368; baseline -0.001 -11"><span class='ocrx_word' id='word_1_10' title='bbox 238 323 338 368; x_wconf 83' lang='lat' dir='ltr'>ajunt</span> <span class='ocrx_word' id='word_1_11' title='bbox 375 317 571 365; x_wconf 72' lang='lat' dir='ltr'>floren-ini</span> <span class='ocrx_word' id='word_1_12' title='bbox 610 319 836 356; x_wconf 83' lang='lat' dir='ltr'>Vocabularii</span> <span class='ocrx_word' id='word_1_13' title='bbox 864 323 935 357; x_wconf 87' lang='lat' dir='ltr'>Au-</span> 
     </span>
     <span class='ocr_line' id='line_1_5' title="bbox 237 371 939 420; baseline 0.001 -14"><span class='ocrx_word' id='word_1_14' title='bbox 237 371 374 413; x_wconf 70' lang='lat' dir='ltr'>&amp;tores‚</span> <span class='ocrx_word' id='word_1_15' title='bbox 414 381 452 403; x_wconf 90' lang='lat' dir='ltr'>ac</span> <span class='ocrx_word' id='word_1_16' title='bbox 490 379 669 415; x_wconf 77' lang='lat' dir='ltr'>propterea</span> <span class='ocrx_word' id='word_1_17' title='bbox 705 372 795 406; x_wconf 87' lang='lat' dir='ltr'>idem</span> <span class='ocrx_word' id='word_1_18' title='bbox 836 381 939 420; x_wconf 75' lang='lat' dir='ltr'>atque</span> 
     </span>
     <span class='ocr_line' id='line_1_6' title="bbox 235 419 935 466; baseline 0 -10"><span class='ocrx_word' id='word_1_19' title='bbox 235 421 432 466; x_wconf 81' lang='lat' dir='ltr'>Trasugare.</span> <span class='ocrx_word' id='word_1_20' title='bbox 471 419 727 456; x_wconf 74' lang='lat' dir='ltr'>Mutinensibus</span> <span class='ocrx_word' id='word_1_21' title='bbox 761 423 935 457; x_wconf 74' lang='lat' dir='ltr'>Trabaldo-</span> 
     </span>
     <span class='ocr_line' id='line_1_7' title="bbox 233 469 937 518; baseline 0.006 -15"><span class='ocrx_word' id='word_1_22' title='bbox 233 484 271 504; x_wconf 82' lang='lat' dir='ltr'>ne</span> <span class='ocrx_word' id='word_1_23' title='bbox 311 470 490 504; x_wconf 85' lang='lat' dir='ltr'>hominem</span> <span class='ocrx_word' id='word_1_24' title='bbox 536 469 729 518; x_wconf 84' lang='lat' dir='ltr'>fignificat,</span> <span class='ocrx_word' id='word_1_25' title='bbox 779 472 836 507; x_wconf 89' lang='lat' dir='ltr'>cui</span> <span class='ocrx_word' id='word_1_26' title='bbox 878 486 937 508; x_wconf 90' lang='lat' dir='ltr'>ve-</span> 
     </span>
     <span class='ocr_line' id='line_1_8' title="bbox 230 518 934 564; baseline 0.004 -9"><span class='ocrx_word' id='word_1_27' title='bbox 230 520 358 559; x_wconf 86' lang='lat' dir='ltr'>stium,</span> <span class='ocrx_word' id='word_1_28' title='bbox 396 518 465 555; x_wconf 84' lang='lat' dir='ltr'>five</span> <span class='ocrx_word' id='word_1_29' title='bbox 501 534 606 564; x_wconf 88' lang='lat' dir='ltr'>opum</span> <span class='ocrx_word' id='word_1_30' title='bbox 645 520 777 557; x_wconf 82' lang='lat' dir='ltr'>suarum</span> <span class='ocrx_word' id='word_1_31' title='bbox 815 531 874 558; x_wconf 83' lang='lat' dir='ltr'>aut</span> <span class='ocrx_word' id='word_1_32' title='bbox 902 537 934 558; x_wconf 88' lang='lat' dir='ltr'>a-</span> 
     </span>
     <span class='ocr_line' id='line_1_9' title="bbox 230 570 937 622; baseline 0.004 -17"><span class='ocrx_word' id='word_1_33' title='bbox 230 570 402 606; x_wconf 89' lang='lat' dir='ltr'>lienarum</span> <span class='ocrx_word' id='word_1_34' title='bbox 442 572 536 606; x_wconf 84' lang='lat' dir='ltr'>nulla</span> <span class='ocrx_word' id='word_1_35' title='bbox 574 571 618 606; x_wconf 84' lang='lat' dir='ltr'>est</span> <span class='ocrx_word' id='word_1_36' title='bbox 655 585 765 616; x_wconf 88' lang='lat' dir='ltr'>cura,</span> <span class='ocrx_word' id='word_1_37' title='bbox 808 574 937 622; x_wconf 82' lang='lat' dir='ltr'>quippe</span> 
     </span>
     <span class='ocr_line' id='line_1_10' title="bbox 231 620 937 667; baseline 0.004 -12"><span class='ocrx_word' id='word_1_38' title='bbox 231 633 286 655; x_wconf 87' lang='lat' dir='ltr'>eas</span> <span class='ocrx_word' id='word_1_39' title='bbox 315 620 513 667; x_wconf 84' lang='lat' dir='ltr'>improvide</span> <span class='ocrx_word' id='word_1_40' title='bbox 540 621 712 661; x_wconf 83' lang='lat' dir='ltr'>absumit,</span> <span class='ocrx_word' id='word_1_41' title='bbox 741 623 829 658; x_wconf 88' lang='lat' dir='ltr'>unde</span> <span class='ocrx_word' id='word_1_42' title='bbox 855 627 937 666; x_wconf 41' lang='lat' dir='ltr'>Tra-</span> 
     </span>
     <span class='ocr_line' id='line_1_11' title="bbox 230 671 935 716; baseline 0.004 -11"><span class='ocrx_word' id='word_1_43' title='bbox 230 671 360 705; x_wconf 69' lang='lat' dir='ltr'>haldan</span> <span class='ocrx_word' id='word_1_44' title='bbox 386 672 418 706; x_wconf 77' lang='lat'>8&lt;</span> <span class='ocrx_word' id='word_1_45' title='bbox 448 672 656 716; x_wconf 64' lang='lat' dir='ltr'>strabalqare</span> <span class='ocrx_word' id='word_1_46' title='bbox 684 674 804 708; x_wconf 86' lang='lat' dir='ltr'>eodem</span> <span class='ocrx_word' id='word_1_47' title='bbox 842 673 935 709; x_wconf 89' lang='lat' dir='ltr'>sensu</span> 
     </span>
     <span class='ocr_line' id='line_1_12' title="bbox 230 719 936 759; baseline 0.006 -4"><span class='ocrx_word' id='word_1_48' title='bbox 230 719 404 756; x_wconf 81' lang='lat' dir='ltr'>dicimus.</span> <span class='ocrx_word' id='word_1_49' title='bbox 444 722 501 756; x_wconf 93' lang='lat' dir='ltr'>Ab</span> <span class='ocrx_word' id='word_1_50' title='bbox 536 722 616 757; x_wconf 71' lang='lat' dir='ltr'>aliis</span> <span class='ocrx_word' id='word_1_51' title='bbox 643 723 783 758; x_wconf 89' lang='lat' dir='ltr'>istorum</span> <span class='ocrx_word' id='word_1_52' title='bbox 813 724 936 759; x_wconf 82' lang='lat' dir='ltr'>verbo—</span> 
     </span>
     <span class='ocr_line' id='line_1_13' title="bbox 230 772 714 820; baseline 0.006 -14"><span class='ocrx_word' id='word_1_53' title='bbox 230 784 306 806; x_wconf 87' lang='lat' dir='ltr'>rum</span> <span class='ocrx_word' id='word_1_54' title='bbox 337 772 510 820; x_wconf 71' lang='lat' dir='ltr'>originem</span> <span class='ocrx_word' id='word_1_55' title='bbox 542 774 714 817; x_wconf 58' lang='lat' dir='ltr'>emero.</span> 
     </span>
    </p>

    <p class='ocr_par' dir='ltr' id='par_1_5' title="bbox 185 823 935 1164">
     <span class='ocr_line' id='line_1_14' title="bbox 185 823 935 866; baseline 0.005 -9"><span class='ocrx_word' id='word_1_56' title='bbox 185 823 379 858; x_wconf 77' lang='lat' dir='ltr'>Tracollare.</span> <span class='ocrx_word' id='word_1_57' title='bbox 407 827 573 866; x_wconf 71' lang='lat' dir='ltr'>Comere,</span> <span class='ocrx_word' id='word_1_58' title='bbox 601 825 746 859; x_wconf 70' lang='lat' dir='ltr'>⁴..ollab1&#39;.</span> <span class='ocrx_word' id='word_1_59' title='bbox 775 826 935 861; x_wconf 81' lang='lat' dir='ltr'>Tracollo.</span> 
     </span>
     <span class='ocr_line' id='line_1_15' title="bbox 229 874 934 916; baseline 0.007 -10"><span class='ocrx_word' id='word_1_60' title='bbox 229 874 351 916; x_wconf 81' lang='lat' dir='ltr'>Lapsus</span> <span class='ocrx_word' id='word_1_61' title='bbox 381 875 414 907; x_wconf 84' lang='lat' dir='ltr'>in</span> <span class='ocrx_word' id='word_1_62' title='bbox 441 884 577 911; x_wconf 80' lang='lat' dir='ltr'>terram.</span> <span class='ocrx_word' id='word_1_63' title='bbox 616 877 654 910; x_wconf 92' lang='lat' dir='ltr'>In</span> <span class='ocrx_word' id='word_1_64' title='bbox 686 875 934 912; x_wconf 80' lang='lat' dir='ltr'>Differtatione</span> 
     </span>
     <span class='ocr_line' id='line_1_16' title="bbox 229 924 933 971; baseline 0.006 -14"><span class='ocrx_word' id='word_1_65' title='bbox 229 924 365 959; x_wconf 80' lang='lat' dir='ltr'>XXIII.</span> <span class='ocrx_word' id='word_1_66' title='bbox 392 926 430 958; x_wconf 83' lang='lat' dir='ltr'>a&#39;e</span> <span class='ocrx_word' id='word_1_67' title='bbox 457 927 604 960; x_wconf 70' lang='lat' dir='ltr'>Moribus</span> <span class='ocrx_word' id='word_1_68' title='bbox 641 928 778 961; x_wconf 78' lang='lat' dir='ltr'>Italicor.</span> <span class='ocrx_word' id='word_1_69' title='bbox 810 928 933 971; x_wconf 83' lang='lat' dir='ltr'>opina—</span> 
     </span>
     <span class='ocr_line' id='line_1_17' title="bbox 230 973 933 1023; baseline 0.006 -15"><span class='ocrx_word' id='word_1_70' title='bbox 230 973 290 1008; x_wconf 86' lang='lat' dir='ltr'>bar</span> <span class='ocrx_word' id='word_1_71' title='bbox 316 988 402 1023; x_wconf 83' lang='lat' dir='ltr'>ego,</span> <span class='ocrx_word' id='word_1_72' title='bbox 432 976 572 1011; x_wconf 88' lang='lat' dir='ltr'>verbum</span> <span class='ocrx_word' id='word_1_73' title='bbox 603 976 669 1012; x_wconf 85' lang='lat' dir='ltr'>hoc</span> <span class='ocrx_word' id='word_1_74' title='bbox 697 975 867 1012; x_wconf 77' lang='lat' dir='ltr'>effluxiffe</span> <span class='ocrx_word' id='word_1_75' title='bbox 892 978 933 1012; x_wconf 90' lang='lat' dir='ltr'>ab</span> 
     </span>
     <span class='ocr_line' id='line_1_18' title="bbox 227 1024 932 1075; baseline 0.007 -17"><span class='ocrx_word' id='word_1_76' title='bbox 227 1024 357 1060; x_wconf 86' lang='lat' dir='ltr'>Italico</span> <span class='ocrx_word' id='word_1_77' title='bbox 384 1027 529 1070; x_wconf 60' lang='lat' dir='ltr'>Collae,</span> <span class='ocrx_word' id='word_1_78' title='bbox 558 1040 627 1075; x_wconf 89' lang='lat' dir='ltr'>quo</span> <span class='ocrx_word' id='word_1_79' title='bbox 656 1029 761 1063; x_wconf 88' lang='lat' dir='ltr'>verbo</span> <span class='ocrx_word' id='word_1_80' title='bbox 792 1029 932 1063; x_wconf 84' lang='lat' dir='ltr'>Floren-</span> 
     </span>
     <span class='ocr_line' id='line_1_19' title="bbox 227 1074 934 1125; baseline 0.006 -17"><span class='ocrx_word' id='word_1_81' title='bbox 227 1074 297 1109; x_wconf 69' lang='lat' dir='ltr'>tini</span> <span class='ocrx_word' id='word_1_82' title='bbox 352 1075 529 1125; x_wconf 71' lang='lat' dir='ltr'>designant</span> <span class='ocrx_word' id='word_1_83' title='bbox 583 1087 798 1113; x_wconf 75' lang='lat' dir='ltr'>tormentum</span> <span class='ocrx_word' id='word_1_84' title='bbox 848 1079 934 1113; x_wconf 80' lang='lat' dir='ltr'>della</span> 
     </span>
     <span class='ocr_line' id='line_1_20' title="bbox 226 1126 933 1164; baseline 0.006 -6"><span class='ocrx_word' id='word_1_85' title='bbox 226 1126 349 1161; x_wconf 84' lang='lat' dir='ltr'>Corda.</span> <span class='ocrx_word' id='word_1_86' title='bbox 388 1127 544 1163; x_wconf 82' lang='lat' dir='ltr'>Additur</span> <span class='ocrx_word' id='word_1_87' title='bbox 580 1132 646 1162; x_wconf 81' lang='lat' dir='ltr'>Tra</span> <span class='ocrx_word' id='word_1_88' title='bbox 673 1142 714 1164; x_wconf 91' lang='lat' dir='ltr'>ex</span> <span class='ocrx_word' id='word_1_89' title='bbox 744 1133 848 1163; x_wconf 82' lang='lat' dir='ltr'>Trans</span> <span class='ocrx_word' id='word_1_90' title='bbox 876 1129 933 1163; x_wconf 91' lang='lat' dir='ltr'>vel</span> 
     </span>
    </p>
   </div>
   <div class='ocr_carea' id='block_1_5' title="bbox 982 719 1009 753">
    <p class='ocr_par' dir='ltr' id='par_1_6' title="bbox 982 719 1009 753">
     <span class='ocr_line' id='line_1_21' title="bbox 982 719 1009 753; baseline 0 0"><span class='ocrx_word' id='word_1_91' title='bbox 982 719 1009 753; x_wconf 90' lang='lat' dir='ltr'>B</span> 
     </span>
    </p>
   </div>
   <div class='ocr_carea' id='block_1_6' title="bbox 230 1166 1003 1222">
    <p class='ocr_par' dir='ltr' id='par_1_7' title="bbox 230 1166 1003 1222">
     <span class='ocr_line' id='line_1_22' title="bbox 230 1166 1003 1222; baseline 0.005 -13"><span class='ocrx_word' id='word_1_92' title='bbox 230 1177 342 1213; x_wconf 83' lang='lat' dir='ltr'>Ultra,</span> <span class='ocrx_word' id='word_1_93' title='bbox 370 1187 596 1222; x_wconf 82' lang='lat' dir='ltr'>augmentum</span> <span class='ocrx_word' id='word_1_94' title='bbox 632 1177 846 1222; x_wconf 74' lang='lat' dir='ltr'>significans.</span> <span class='ocrx_word' id='word_1_95' title='bbox 881 1180 927 1212; x_wconf 86' lang='lat' dir='ltr'>A·</span> <span class='ocrx_word' id='word_1_96' title='bbox 970 1166 1003 1203; x_wconf 73' lang='lat' dir='ltr'>C</span> 
     </span>
    </p>
   </div>
   <div class='ocr_carea' id='block_1_7' title="bbox 176 1223 933 2481">
    <p class='ocr_par' dir='ltr' id='par_1_8' title="bbox 224 1223 933 1409">
     <span class='ocr_line' id='line_1_23' title="bbox 224 1223 932 1264; baseline 0.01 -8"><span class='ocrx_word' id='word_1_97' title='bbox 224 1223 446 1258; x_wconf 83' lang='lat' dir='ltr'>nimadverte</span> <span class='ocrx_word' id='word_1_98' title='bbox 471 1251 481 1264; x_wconf 74' lang='lat'>,</span> <span class='ocrx_word' id='word_1_99' title='bbox 527 1225 663 1260; x_wconf 80' lang='lat' dir='ltr'>eosdem</span> <span class='ocrx_word' id='word_1_100' title='bbox 708 1227 932 1263; x_wconf 79' lang='lat' dir='ltr'>florentinos</span> 
     </span>
     <span class='ocr_line' id='line_1_24' title="bbox 226 1271 929 1321; baseline 0.004 -14"><span class='ocrx_word' id='word_1_101' title='bbox 226 1271 324 1307; x_wconf 80' lang='lat' dir='ltr'>fuiffe</span> <span class='ocrx_word' id='word_1_102' title='bbox 352 1273 429 1306; x_wconf 89' lang='lat' dir='ltr'>usos</span> <span class='ocrx_word' id='word_1_103' title='bbox 459 1275 564 1307; x_wconf 88' lang='lat' dir='ltr'>verbo</span> <span class='ocrx_word' id='word_1_104' title='bbox 591 1277 717 1307; x_wconf 79' lang='lat' dir='ltr'>Collare</span> <span class='ocrx_word' id='word_1_105' title='bbox 745 1290 806 1321; x_wconf 86' lang='lat' dir='ltr'>pro</span> <span class='ocrx_word' id='word_1_106' title='bbox 834 1279 929 1310; x_wconf 83' lang='lat' dir='ltr'>Cala-</span> 
     </span>
     <span class='ocr_line' id='line_1_25' title="bbox 226 1320 933 1367; baseline 0.008 -14"><span class='ocrx_word' id='word_1_107' title='bbox 226 1334 256 1354; x_wconf 72' lang='grc' dir='ltr'>νε</span> <span class='ocrx_word' id='word_1_108' title='bbox 271 1334 292 1362; x_wconf 85' lang='lat'><em>;</em></span> <span class='ocrx_word' id='word_1_109' title='bbox 318 1333 423 1367; x_wconf 87' lang='lat' dir='ltr'>quare</span> <span class='ocrx_word' id='word_1_110' title='bbox 451 1320 614 1366; x_wconf 82' lang='lat' dir='ltr'>suspicari</span> <span class='ocrx_word' id='word_1_111' title='bbox 643 1323 728 1358; x_wconf 83' lang='lat' dir='ltr'>licet</span> <span class='ocrx_word' id='word_1_112' title='bbox 756 1326 933 1359; x_wconf 58' lang='lat' dir='ltr'>Tracolla-ve</span> 
     </span>
     <span class='ocr_line' id='line_1_26' title="bbox 227 1370 710 1409; baseline 0.006 -3"><span class='ocrx_word' id='word_1_113' title='bbox 227 1370 308 1406; x_wconf 85' lang='lat' dir='ltr'>inde</span> <span class='ocrx_word' id='word_1_114' title='bbox 337 1370 434 1405; x_wconf 82' lang='lat' dir='ltr'>fuiffe</span> <span class='ocrx_word' id='word_1_115' title='bbox 463 1372 683 1407; x_wconf 83' lang='lat' dir='ltr'>efformatum</span> <span class='ocrx_word' id='word_1_116' title='bbox 702 1400 710 1409; x_wconf 89' lang='lat'>.</span> 
     </span>
    </p>

    <p class='ocr_par' dir='ltr' id='par_1_9' title="bbox 176 1420 932 2481">
     <span class='ocr_line' id='line_1_27' title="bbox 176 1420 930 1470; baseline 0.007 -15"><span class='ocrx_word' id='word_1_117' title='bbox 176 1425 206 1455; x_wconf 83' lang='lat' dir='ltr'><em>T</em></span> <span class='ocrx_word' id='word_1_118' title='bbox 207 1420 372 1466; x_wconf 69' lang='lat' dir='ltr'>safficare.</span> <span class='ocrx_word' id='word_1_119' title='bbox 410 1423 598 1469; x_wconf 73' lang='lat' dir='ltr'>Negotiari.</span> <span class='ocrx_word' id='word_1_120' title='bbox 637 1424 791 1468; x_wconf 79' lang='lat' dir='ltr'>Traffico.</span> <span class='ocrx_word' id='word_1_121' title='bbox 829 1428 930 1470; x_wconf 66' lang='lat' dir='ltr'>Nego-</span> 
     </span>
     <span class='ocr_line' id='line_1_28' title="bbox 225 1474 930 1513; baseline 0.007 -7"><span class='ocrx_word' id='word_1_122' title='bbox 225 1474 331 1513; x_wconf 66' lang='lat' dir='ltr'>tium5</span> <span class='ocrx_word' id='word_1_123' title='bbox 368 1475 570 1509; x_wconf 74' lang='lat' dir='ltr'><em>Mercatura.</em></span> <span class='ocrx_word' id='word_1_124' title='bbox 610 1476 726 1510; x_wconf 86' lang='lat' dir='ltr'>Nemo</span> <span class='ocrx_word' id='word_1_125' title='bbox 763 1475 930 1511; x_wconf 70' lang='lat' dir='ltr'>adsentia-</span> 
     </span>
     <span class='ocr_line' id='line_1_29' title="bbox 226 1526 932 1573; baseline 0.007 -16"><span class='ocrx_word' id='word_1_126' title='bbox 226 1533 304 1562; x_wconf 79' lang='lat' dir='ltr'>tur,</span> <span class='ocrx_word' id='word_1_127' title='bbox 333 1533 373 1558; x_wconf 87' lang='lat' dir='ltr'>ut</span> <span class='ocrx_word' id='word_1_128' title='bbox 403 1533 511 1571; x_wconf 83' lang='lat' dir='ltr'>puto,</span> <span class='ocrx_word' id='word_1_129' title='bbox 551 1526 720 1573; x_wconf 85' lang='lat' dir='ltr'>Menagio</span> <span class='ocrx_word' id='word_1_130' title='bbox 748 1526 932 1562; x_wconf 81' lang='lat' dir='ltr'>deducenti</span> 
     </span>
     <span class='ocr_line' id='line_1_30' title="bbox 227 1574 931 1621; baseline 0.009 -15"><span class='ocrx_word' id='word_1_131' title='bbox 227 1574 400 1619; x_wconf 72' lang='lat' dir='ltr'>T1affi.are</span> <span class='ocrx_word' id='word_1_132' title='bbox 424 1588 442 1609; x_wconf 94' lang='lat' dir='ltr'>a</span> <span class='ocrx_word' id='word_1_133' title='bbox 468 1575 660 1617; x_wconf 71' lang='lat' dir='ltr'>Trasserire,</span> <span class='ocrx_word' id='word_1_134' title='bbox 689 1577 931 1621; x_wconf 77' lang='lat' dir='ltr'>Trasfert&#39;cium,</span> 
     </span>
     <span class='ocr_line' id='line_1_31' title="bbox 227 1625 930 1672; baseline 0.001 -11"><span class='ocrx_word' id='word_1_135' title='bbox 227 1625 417 1667; x_wconf 70' lang='lat' dir='ltr'>Tsasftcium</span> <span class='ocrx_word' id='word_1_136' title='bbox 439 1653 449 1669; x_wconf 89' lang='lat'><strong>‚</strong></span> <span class='ocrx_word' id='word_1_137' title='bbox 492 1625 662 1669; x_wconf 73' lang='lat' dir='ltr'>Traficium</span> <span class='ocrx_word' id='word_1_138' title='bbox 683 1655 694 1671; x_wconf 85' lang='lat'>,</span> <span class='ocrx_word' id='word_1_139' title='bbox 736 1627 895 1672; x_wconf 60' lang='lat' dir='ltr'>Trafiaum</span> <span class='ocrx_word' id='word_1_140' title='bbox 922 1657 930 1671; x_wconf 71' lang='lat'><em>‚</em></span> 
     </span>
     <span class='ocr_line' id='line_1_32' title="bbox 225 1675 929 1723; baseline 0.004 -12"><span class='ocrx_word' id='word_1_141' title='bbox 225 1675 382 1721; x_wconf 81' lang='lat' dir='ltr'>Traffico.</span> <span class='ocrx_word' id='word_1_142' title='bbox 421 1679 542 1723; x_wconf 84' lang='lat' dir='ltr'>quue</span> <span class='ocrx_word' id='word_1_143' title='bbox 579 1677 694 1713; x_wconf 88' lang='lat' dir='ltr'>minus</span> <span class='ocrx_word' id='word_1_144' title='bbox 722 1677 759 1713; x_wconf 88' lang='lat' dir='ltr'>in</span> <span class='ocrx_word' id='word_1_145' title='bbox 797 1678 929 1714; x_wconf 86' lang='lat' dir='ltr'>senten—</span> 
     </span>
     <span class='ocr_line' id='line_1_33' title="bbox 225 1727 929 1777; baseline 0.006 -15"><span class='ocrx_word' id='word_1_146' title='bbox 225 1727 313 1762; x_wconf 85' lang='lat' dir='ltr'>tiam</span> <span class='ocrx_word' id='word_1_147' title='bbox 356 1728 506 1763; x_wconf 82' lang='lat' dir='ltr'>Ferrarii</span> <span class='ocrx_word' id='word_1_148' title='bbox 547 1728 714 1764; x_wconf 80' lang='lat' dir='ltr'>concedat</span> <span class='ocrx_word' id='word_1_149' title='bbox 733 1753 744 1768; x_wconf 94' lang='lat'>,</span> <span class='ocrx_word' id='word_1_150' title='bbox 786 1729 847 1777; x_wconf 88' lang='lat' dir='ltr'>qui</span> <span class='ocrx_word' id='word_1_151' title='bbox 889 1744 929 1766; x_wconf 85' lang='lat' dir='ltr'>ex</span> 
     </span>
     <span class='ocr_line' id='line_1_34' title="bbox 226 1777 930 1823; baseline 0.006 -11"><span class='ocrx_word' id='word_1_152' title='bbox 226 1778 384 1822; x_wconf 80' lang='lat' dir='ltr'>Trajicere</span> <span class='ocrx_word' id='word_1_153' title='bbox 427 1777 537 1814; x_wconf 82' lang='lat' dir='ltr'>traxit</span> <span class='ocrx_word' id='word_1_154' title='bbox 579 1778 751 1823; x_wconf 80' lang='lat' dir='ltr'>Trafficare</span> <span class='ocrx_word' id='word_1_155' title='bbox 777 1806 785 1815; x_wconf 89' lang='lat'><strong>.</strong></span> <span class='ocrx_word' id='word_1_156' title='bbox 833 1780 930 1816; x_wconf 86' lang='lat' dir='ltr'>Mihi</span> 
     </span>
     <span class='ocr_line' id='line_1_35' title="bbox 225 1828 930 1878; baseline 0.007 -16"><span class='ocrx_word' id='word_1_157' title='bbox 225 1828 277 1863; x_wconf 89' lang='lat' dir='ltr'>nil</span> <span class='ocrx_word' id='word_1_158' title='bbox 307 1828 410 1863; x_wconf 82' lang='lat' dir='ltr'>solidi</span> <span class='ocrx_word' id='word_1_159' title='bbox 448 1828 515 1862; x_wconf 90' lang='lat' dir='ltr'>sese</span> <span class='ocrx_word' id='word_1_160' title='bbox 552 1829 675 1869; x_wconf 87' lang='lat' dir='ltr'>offert,</span> <span class='ocrx_word' id='word_1_161' title='bbox 712 1829 772 1865; x_wconf 91' lang='lat' dir='ltr'>ubi</span> <span class='ocrx_word' id='word_1_162' title='bbox 811 1832 930 1878; x_wconf 86' lang='lat' dir='ltr'>pedem</span> 
     </span>
     <span class='ocr_line' id='line_1_36' title="bbox 225 1877 930 1927; baseline 0.009 -15"><span class='ocrx_word' id='word_1_163' title='bbox 225 1877 354 1925; x_wconf 81' lang='lat' dir='ltr'>figam.</span> <span class='ocrx_word' id='word_1_164' title='bbox 383 1880 554 1912; x_wconf 81' lang='lat' dir='ltr'>Attamen</span> <span class='ocrx_word' id='word_1_165' title='bbox 592 1879 674 1927; x_wconf 83' lang='lat' dir='ltr'>ajo,</span> <span class='ocrx_word' id='word_1_166' title='bbox 711 1881 930 1918; x_wconf 81' lang='lat' dir='ltr'>tolerabilius</span> 
     </span>
     <span class='ocr_line' id='line_1_37' title="bbox 226 1928 928 1976; baseline 0.007 -14"><span class='ocrx_word' id='word_1_167' title='bbox 226 1928 364 1963; x_wconf 76' lang='lat' dir='ltr'>fortasse</span> <span class='ocrx_word' id='word_1_168' title='bbox 392 1928 550 1963; x_wconf 62' lang='lat' dir='ltr'>aRurum</span> <span class='ocrx_word' id='word_1_169' title='bbox 568 1956 577 1971; x_wconf 90' lang='lat'>,</span> <span class='ocrx_word' id='word_1_170' title='bbox 607 1930 667 1976; x_wconf 89' lang='lat' dir='ltr'>qui</span> <span class='ocrx_word' id='word_1_171' title='bbox 697 1931 738 1966; x_wconf 88' lang='lat' dir='ltr'>ab</span> <span class='ocrx_word' id='word_1_172' title='bbox 765 1935 870 1967; x_wconf 68' lang='lat' dir='ltr'>Extra</span> <span class='ocrx_word' id='word_1_173' title='bbox 896 1935 928 1968; x_wconf 70' lang='lat'>8&lt;</span> 
     </span>
     <span class='ocr_line' id='line_1_38' title="bbox 229 1978 929 2027; baseline 0.006 -13"><span class='ocrx_word' id='word_1_174' title='bbox 229 1982 342 2014; x_wconf 79' lang='lat' dir='ltr'>Facere</span> <span class='ocrx_word' id='word_1_175' title='bbox 368 1978 556 2026; x_wconf 84' lang='lat' dir='ltr'>suspicetur</span> <span class='ocrx_word' id='word_1_176' title='bbox 580 1990 721 2016; x_wconf 84' lang='lat' dir='ltr'>enatum</span> <span class='ocrx_word' id='word_1_177' title='bbox 748 1983 929 2027; x_wconf 68' lang='lat' dir='ltr'>Extrafica-</span> 
     </span>
     <span class='ocr_line' id='line_1_39' title="bbox 226 2029 923 2074; baseline 0.009 -11"><span class='ocrx_word' id='word_1_178' title='bbox 226 2043 257 2063; x_wconf 78' lang='lat' dir='ltr'>re</span> <span class='ocrx_word' id='word_1_179' title='bbox 274 2057 285 2074; x_wconf 82' lang='lat'>‚</span> <span class='ocrx_word' id='word_1_180' title='bbox 312 2031 345 2064; x_wconf 89' lang='lat'>&amp;</span> <span class='ocrx_word' id='word_1_181' title='bbox 382 2029 522 2065; x_wconf 88' lang='lat' dir='ltr'>demum</span> <span class='ocrx_word' id='word_1_182' title='bbox 550 2029 738 2074; x_wconf 80' lang='lat' dir='ltr'>Traficare:</span> <span class='ocrx_word' id='word_1_183' title='bbox 773 2033 865 2069; x_wconf 78' lang='lat' dir='ltr'>nihil</span> <span class='ocrx_word' id='word_1_184' title='bbox 893 2049 923 2069; x_wconf 85' lang='lat' dir='ltr'>e-</span> 
     </span>
     <span class='ocr_line' id='line_1_40' title="bbox 227 2079 929 2127; baseline 0.009 -13"><span class='ocrx_word' id='word_1_185' title='bbox 227 2079 303 2114; x_wconf 84' lang='lat' dir='ltr'>nim</span> <span class='ocrx_word' id='word_1_186' title='bbox 330 2092 448 2115; x_wconf 88' lang='lat' dir='ltr'>moror</span> <span class='ocrx_word' id='word_1_187' title='bbox 475 2080 601 2127; x_wconf 79' lang='lat' dir='ltr'>duplex</span> <span class='ocrx_word' id='word_1_188' title='bbox 631 2083 672 2116; x_wconf 89' lang='lat' dir='ltr'>F.</span> <span class='ocrx_word' id='word_1_189' title='bbox 707 2096 725 2118; x_wconf 86' lang='lat' dir='ltr'>a</span> <span class='ocrx_word' id='word_1_190' title='bbox 753 2084 929 2120; x_wconf 82' lang='lat' dir='ltr'>Florenti-</span> 
     </span>
     <span class='ocr_line' id='line_1_41' title="bbox 226 2130 929 2180; baseline 0.006 -15"><span class='ocrx_word' id='word_1_191' title='bbox 226 2130 282 2165; x_wconf 87' lang='lat' dir='ltr'>nis</span> <span class='ocrx_word' id='word_1_192' title='bbox 311 2130 467 2166; x_wconf 80' lang='lat' dir='ltr'>additum</span> <span class='ocrx_word' id='word_1_193' title='bbox 485 2157 494 2166; x_wconf 87' lang='lat'>.</span> <span class='ocrx_word' id='word_1_194' title='bbox 522 2132 635 2165; x_wconf 75' lang='lat' dir='ltr'>ficare</span> <span class='ocrx_word' id='word_1_195' title='bbox 662 2145 724 2180; x_wconf 87' lang='lat' dir='ltr'>pro</span> <span class='ocrx_word' id='word_1_196' title='bbox 751 2136 865 2168; x_wconf 77' lang='lat' dir='ltr'>Facere</span> <span class='ocrx_word' id='word_1_197' title='bbox 892 2135 929 2170; x_wconf 86' lang='lat' dir='ltr'>in</span> 
     </span>
     <span class='ocr_line' id='line_1_42' title="bbox 227 2180 929 2233; baseline 0.009 -18"><span class='ocrx_word' id='word_1_198' title='bbox 227 2180 426 2227; x_wconf 82' lang='lat' dir='ltr'>compositis</span> <span class='ocrx_word' id='word_1_199' title='bbox 456 2180 661 2228; x_wconf 86' lang='lat' dir='ltr'>usurparunt</span> <span class='ocrx_word' id='word_1_200' title='bbox 688 2183 811 2220; x_wconf 87' lang='lat' dir='ltr'>Latini</span> <span class='ocrx_word' id='word_1_201' title='bbox 842 2185 902 2233; x_wconf 84' lang='lat' dir='ltr'>ipfi</span> <span class='ocrx_word' id='word_1_202' title='bbox 920 2213 929 2230; x_wconf 89' lang='lat'>‚</span> 
     </span>
     <span class='ocr_line' id='line_1_43' title="bbox 225 2231 930 2281; baseline 0.009 -17"><span class='ocrx_word' id='word_1_203' title='bbox 225 2231 386 2277; x_wconf 71' lang='lat' dir='ltr'>Magmfic</span> <span class='ocrx_word' id='word_1_204' title='bbox 397 2245 440 2265; x_wconf 71' lang='grc' dir='ltr'>ινε</span> <span class='ocrx_word' id='word_1_205' title='bbox 451 2259 460 2273; x_wconf 83' lang='grc'>,</span> <span class='ocrx_word' id='word_1_206' title='bbox 480 2231 689 2277; x_wconf 72' lang='lat' dir='ltr'>Amplificare</span> <span class='ocrx_word' id='word_1_207' title='bbox 698 2259 709 2273; x_wconf 91' lang='lat'><em>‚</em></span> <span class='ocrx_word' id='word_1_208' title='bbox 727 2235 909 2280; x_wconf 67' lang='lat' dir='ltr'>Aedificare</span> <span class='ocrx_word' id='word_1_209' title='bbox 919 2264 930 2281; x_wconf 88' lang='lat'>‚</span> 
     </span>
     <span class='ocr_line' id='line_1_44' title="bbox 226 2282 930 2335; baseline 0.009 -19"><span class='ocrx_word' id='word_1_210' title='bbox 226 2283 258 2316; x_wconf 77' lang='grc' dir='ltr'>ἃ</span> <span class='ocrx_word' id='word_1_211' title='bbox 290 2283 357 2316; x_wconf 74' lang='lat' dir='ltr'>alia</span> <span class='ocrx_word' id='word_1_212' title='bbox 387 2283 482 2328; x_wconf 86' lang='lat' dir='ltr'>plura</span> <span class='ocrx_word' id='word_1_213' title='bbox 510 2282 686 2319; x_wconf 83' lang='lat' dir='ltr'>dicentes.</span> <span class='ocrx_word' id='word_1_214' title='bbox 724 2287 819 2321; x_wconf 87' lang='lat' dir='ltr'>Num</span> <span class='ocrx_word' id='word_1_215' title='bbox 849 2300 930 2335; x_wconf 81' lang='lat' dir='ltr'>ergo</span> 
     </span>
     <span class='ocr_line' id='line_1_45' title="bbox 225 2331 929 2382; baseline 0.014 -19"><span class='ocrx_word' id='word_1_216' title='bbox 225 2331 424 2373; x_wconf 68' lang='lat' dir='ltr'>Extraficare</span> <span class='ocrx_word' id='word_1_217' title='bbox 451 2345 604 2373; x_wconf 80' lang='lat' dir='ltr'>merces,</span> <span class='ocrx_word' id='word_1_218' title='bbox 632 2334 722 2382; x_wconf 75' lang='lat' dir='ltr'>quasi</span> <span class='ocrx_word' id='word_1_219' title='bbox 752 2347 849 2372; x_wconf 83' lang='lat' dir='ltr'>extra</span> <span class='ocrx_word' id='word_1_220' title='bbox 876 2337 929 2372; x_wconf 87' lang='lat' dir='ltr'>of—</span> 
     </span>
     <span class='ocr_line' id='line_1_46' title="bbox 227 2381 929 2434; baseline 0.009 -17"><span class='ocrx_word' id='word_1_221' title='bbox 227 2381 270 2417; x_wconf 77' lang='lat' dir='ltr'>fic</span> <span class='ocrx_word' id='word_1_222' title='bbox 290 2396 396 2424; x_wconf 82' lang='lat' dir='ltr'>nam,</span> <span class='ocrx_word' id='word_1_223' title='bbox 429 2393 487 2419; x_wconf 88' lang='lat' dir='ltr'>aut</span> <span class='ocrx_word' id='word_1_224' title='bbox 523 2393 621 2420; x_wconf 85' lang='lat' dir='ltr'>extra</span> <span class='ocrx_word' id='word_1_225' title='bbox 658 2385 835 2434; x_wconf 85' lang='lat' dir='ltr'>regionem</span> <span class='ocrx_word' id='word_1_226' title='bbox 867 2387 929 2423; x_wconf 86' lang='lat' dir='ltr'>du-</span> 
     </span>
     <span class='ocr_line' id='line_1_47' title="bbox 228 2433 929 2481; baseline 0.01 -15"><span class='ocrx_word' id='word_1_227' title='bbox 228 2444 323 2470; x_wconf 85' lang='lat' dir='ltr'>cere,</span> <span class='ocrx_word' id='word_1_228' title='bbox 362 2433 430 2469; x_wconf 82' lang='lat' dir='ltr'>five</span> <span class='ocrx_word' id='word_1_229' title='bbox 467 2433 652 2471; x_wconf 83' lang='lat' dir='ltr'>divendere</span> <span class='ocrx_word' id='word_1_230' title='bbox 689 2449 843 2481; x_wconf 82' lang='lat' dir='ltr'>merces,</span> <span class='ocrx_word' id='word_1_231' title='bbox 881 2437 929 2473; x_wconf 85' lang='lat' dir='ltr'>ef-</span> 
     </span>
    </p>
   </div>
   <div class='ocr_carea' id='block_1_8' title="bbox 231 2479 962 2537">
    <p class='ocr_par' dir='ltr' id='par_1_10' title="bbox 231 2479 962 2537">
     <span class='ocr_line' id='line_1_48' title="bbox 231 2479 962 2537; baseline 0.019 -26"><span class='ocrx_word' id='word_1_232' title='bbox 231 2479 375 2517; x_wconf 75' lang='lat' dir='ltr'>formare</span> <span class='ocrx_word' id='word_1_233' title='bbox 403 2494 592 2529; x_wconf 80' lang='lat' dir='ltr'>potuerunt</span> <span class='ocrx_word' id='word_1_234' title='bbox 617 2487 772 2537; x_wconf 62' lang='lat' dir='ltr'>Maiores</span> <span class='ocrx_word' id='word_1_235' title='bbox 799 2487 927 2525; x_wconf 83' lang='lat' dir='ltr'>nostri?</span> <span class='ocrx_word' id='word_1_236' title='bbox 955 2490 962 2535; x_wconf 77' lang='lat' dir='ltr'>l</span> 
     </span>
    </p>
   </div>
   <div class='ocr_carea' id='block_1_9' title="bbox 279 2530 447 2572">
    <p class='ocr_par' dir='ltr' id='par_1_11' title="bbox 279 2530 447 2572">
     <span class='ocr_line' id='line_1_49' title="bbox 279 2530 447 2572; baseline 0 -9"><span class='ocrx_word' id='word_1_237' title='bbox 279 2530 364 2567; x_wconf 73' lang='lat' dir='ltr'>Tam.</span> <span class='ocrx_word' id='word_1_238' title='bbox 392 2537 447 2572; x_wconf 73' lang='lat' dir='ltr'>VJ,</span> 
     </span>
    </p>
   </div>
   <div class='ocr_carea' id='block_1_10' title="bbox 976 2070 1002 2102">
    <p class='ocr_par' dir='ltr' id='par_1_12' title="bbox 976 2070 1002 2102">
     <span class='ocr_line' id='line_1_50' title="bbox 976 2070 1002 2102; baseline 0 0"><span class='ocrx_word' id='word_1_239' title='bbox 976 2070 1002 2102; x_wconf 68' lang='lat' dir='ltr'><strong>E</strong></span> 
     </span>
    </p>
   </div>
   <div class='ocr_carea' id='block_1_11' title="bbox 1098 218 1799 366">
    <p class='ocr_par' dir='ltr' id='par_1_13' title="bbox 1098 218 1799 366">
     <span class='ocr_line' id='line_1_51' title="bbox 1098 218 1799 305; baseline -0.001 0"><span class='ocrx_word' id='word_1_240' title='bbox 1098 270 1179 305; x_wconf 90' lang='lat' dir='ltr'>Non</span> <span class='ocrx_word' id='word_1_241' title='bbox 1207 266 1358 302; x_wconf 84' lang='lat' dir='ltr'>abfimili</span> <span class='ocrx_word' id='word_1_242' title='bbox 1396 268 1490 304; x_wconf 90' lang='lat' dir='ltr'>sensu</span> <span class='ocrx_word' id='word_1_243' title='bbox 1517 218 1799 305; x_wconf 43' lang='lat' dir='ltr'>Horagg-{ih</span> 
     </span>
     <span class='ocr_line' id='line_1_52' title="bbox 1098 317 1504 366; baseline 0.005 -14"><span class='ocrx_word' id='word_1_244' title='bbox 1098 332 1131 355; x_wconf 81' lang='lat'>2.</span> <span class='ocrx_word' id='word_1_245' title='bbox 1159 317 1302 366; x_wconf 65' lang='lat' dir='ltr'>Epistol.</span> <span class='ocrx_word' id='word_1_246' title='bbox 1331 329 1363 352; x_wconf 83' lang='lat'>2..</span> <span class='ocrx_word' id='word_1_247' title='bbox 1391 317 1504 354; x_wconf 77' lang='lat' dir='ltr'>dixit:</span> 
     </span>
    </p>
   </div>
   <div class='ocr_carea' id='block_1_12' title="bbox 1145 419 1801 505">
    <p class='ocr_par' dir='ltr' id='par_1_14' title="bbox 1145 419 1801 505">
     <span class='ocr_line' id='line_1_53' title="bbox 1145 419 1801 464; baseline 0.005 -10"><span class='ocrx_word' id='word_1_248' title='bbox 1145 420 1276 454; x_wconf 71' lang='lat' dir='ltr'>Laudat</span> <span class='ocrx_word' id='word_1_249' title='bbox 1301 419 1453 462; x_wconf 77' lang='lat' dir='ltr'>venales,</span> <span class='ocrx_word' id='word_1_250' title='bbox 1488 419 1543 464; x_wconf 74' lang='lat' dir='ltr'>qui</span> <span class='ocrx_word' id='word_1_251' title='bbox 1577 421 1651 455; x_wconf 77' lang='lat' dir='ltr'>vult</span> <span class='ocrx_word' id='word_1_252' title='bbox 1677 423 1801 456; x_wconf 74' lang='lat' dir='ltr'>Extra·</span> 
     </span>
     <span class='ocr_line' id='line_1_54' title="bbox 1195 471 1423 505; baseline 0.004 -1"><span class='ocrx_word' id='word_1_253' title='bbox 1195 471 1266 504; x_wconf 78' lang='lat' dir='ltr'>dere</span> <span class='ocrx_word' id='word_1_254' title='bbox 1292 483 1423 505; x_wconf 80' lang='lat' dir='ltr'>merces.</span> 
     </span>
    </p>
   </div>
   <div class='ocr_carea' id='block_1_13' title="bbox 1044 571 1802 619">
    <p class='ocr_par' dir='ltr' id='par_1_15' title="bbox 1044 571 1802 619">
     <span class='ocr_line' id='line_1_55' title="bbox 1044 571 1802 619; baseline -0.001 -13"><span class='ocrx_word' id='word_1_255' title='bbox 1044 575 1232 618; x_wconf 70' lang='lat' dir='ltr'>Tragetcare</span> <span class='ocrx_word' id='word_1_256' title='bbox 1251 598 1262 615; x_wconf 90' lang='lat'>‚</span> <span class='ocrx_word' id='word_1_257' title='bbox 1303 572 1512 619; x_wconf 70' lang='lat' dir='ltr'>Tragbettare</span> <span class='ocrx_word' id='word_1_258' title='bbox 1526 597 1535 607; x_wconf 87' lang='lat'><strong>.</strong></span> <span class='ocrx_word' id='word_1_259' title='bbox 1572 572 1607 606; x_wconf 89' lang='lat' dir='ltr'>A</span> <span class='ocrx_word' id='word_1_260' title='bbox 1643 571 1802 616; x_wconf 43' lang='lat' dir='ltr'>Transjae-</span> 
     </span>
    </p>
   </div>
   <div class='ocr_carea' id='block_1_14' title="bbox 1090 621 1802 770">
    <p class='ocr_par' dir='ltr' id='par_1_16' title="bbox 1090 621 1802 770">
     <span class='ocr_line' id='line_1_56' title="bbox 1095 621 1802 663; baseline 0 -7"><span class='ocrx_word' id='word_1_261' title='bbox 1095 623 1199 662; x_wconf 61' lang='lat' dir='ltr'>flare,</span> <span class='ocrx_word' id='word_1_262' title='bbox 1237 622 1291 657; x_wconf 88' lang='lat' dir='ltr'>seu</span> <span class='ocrx_word' id='word_1_263' title='bbox 1320 621 1566 663; x_wconf 63' lang='lat' dir='ltr'>Transieft&#39;are.</span> <span class='ocrx_word' id='word_1_264' title='bbox 1604 621 1688 657; x_wconf 83' lang='lat' dir='ltr'>Inde</span> <span class='ocrx_word' id='word_1_265' title='bbox 1717 626 1802 656; x_wconf 81' lang='lat' dir='ltr'>Tra-</span> 
     </span>
     <span class='ocr_line' id='line_1_57' title="bbox 1090 672 1802 717; baseline 0.006 -12"><span class='ocrx_word' id='word_1_266' title='bbox 1090 672 1210 717; x_wconf 71' lang='lat' dir='ltr'>jec‘lum</span> <span class='ocrx_word' id='word_1_267' title='bbox 1237 674 1389 717; x_wconf 83' lang='lat' dir='ltr'>Civitas,</span> <span class='ocrx_word' id='word_1_268' title='bbox 1416 672 1454 708; x_wconf 67' lang='grc' dir='ltr'>ὅ(</span> <span class='ocrx_word' id='word_1_269' title='bbox 1482 672 1606 708; x_wconf 78' lang='lat' dir='ltr'>Italica</span> <span class='ocrx_word' id='word_1_270' title='bbox 1629 672 1802 709; x_wconf 76' lang='lat' dir='ltr'>vocabula</span> 
     </span>
     <span class='ocr_line' id='line_1_58' title="bbox 1095 724 1485 770; baseline 0.003 -13"><span class='ocrx_word' id='word_1_271' title='bbox 1095 724 1288 770; x_wconf 78' lang='lat' dir='ltr'>Tragbetto,</span> <span class='ocrx_word' id='word_1_272' title='bbox 1317 724 1485 770; x_wconf 74' lang='lat' dir='ltr'>TragittO.</span> 
     </span>
    </p>
   </div>
   <div class='ocr_carea' id='block_1_15' title="bbox 1043 773 1800 821">
    <p class='ocr_par' dir='ltr' id='par_1_17' title="bbox 1043 773 1800 821">
     <span class='ocr_line' id='line_1_59' title="bbox 1043 773 1800 821; baseline 0 -13"><span class='ocrx_word' id='word_1_273' title='bbox 1043 774 1192 809; x_wconf 83' lang='lat' dir='ltr'>Tralcio.</span> <span class='ocrx_word' id='word_1_274' title='bbox 1232 776 1358 809; x_wconf 80' lang='lat' dir='ltr'>Patmes</span> <span class='ocrx_word' id='word_1_275' title='bbox 1384 774 1484 808; x_wconf 80' lang='lat' dir='ltr'>vitis.</span> <span class='ocrx_word' id='word_1_276' title='bbox 1512 775 1668 819; x_wconf 85' lang='lat' dir='ltr'>Etymon</span> <span class='ocrx_word' id='word_1_277' title='bbox 1697 773 1800 821; x_wconf 84' lang='lat' dir='ltr'>hujus</span> 
     </span>
    </p>
   </div>
   <div class='ocr_carea' id='block_1_16' title="bbox 1088 823 1803 1320">
    <p class='ocr_par' dir='ltr' id='par_1_18' title="bbox 1088 823 1803 1320">
     <span class='ocr_line' id='line_1_60' title="bbox 1096 823 1802 872; baseline 0.003 -14"><span class='ocrx_word' id='word_1_278' title='bbox 1096 824 1192 859; x_wconf 87' lang='lat' dir='ltr'>vocis</span> <span class='ocrx_word' id='word_1_279' title='bbox 1234 824 1352 872; x_wconf 87' lang='lat' dir='ltr'>accipe</span> <span class='ocrx_word' id='word_1_280' title='bbox 1376 848 1387 864; x_wconf 92' lang='lat'><em>,</em></span> <span class='ocrx_word' id='word_1_281' title='bbox 1438 825 1540 871; x_wconf 85' lang='lat' dir='ltr'>quale</span> <span class='ocrx_word' id='word_1_282' title='bbox 1591 824 1651 859; x_wconf 87' lang='lat' dir='ltr'>fibi</span> <span class='ocrx_word' id='word_1_283' title='bbox 1693 823 1802 860; x_wconf 86' lang='lat' dir='ltr'>finxit</span> 
     </span>
     <span class='ocr_line' id='line_1_61' title="bbox 1094 874 1800 923; baseline -0.003 -13"><span class='ocrx_word' id='word_1_284' title='bbox 1094 874 1306 923; x_wconf 87' lang='lat' dir='ltr'>Menagius:</span> <span class='ocrx_word' id='word_1_285' title='bbox 1346 875 1462 919; x_wconf 77' lang='lat' dir='ltr'>Forse,</span> <span class='ocrx_word' id='word_1_286' title='bbox 1501 875 1551 910; x_wconf 87' lang='lat' dir='ltr'>ait</span> <span class='ocrx_word' id='word_1_287' title='bbox 1577 877 1620 909; x_wconf 86' lang='lat' dir='ltr'>da</span> <span class='ocrx_word' id='word_1_288' title='bbox 1648 878 1800 915; x_wconf 71' lang='lat' dir='ltr'>Rarum,</span> 
     </span>
     <span class='ocr_line' id='line_1_62' title="bbox 1092 926 1801 969; baseline 0 -10"><span class='ocrx_word' id='word_1_289' title='bbox 1092 927 1272 969; x_wconf 66' lang='lat' dir='ltr'>Rmnulus,</span> <span class='ocrx_word' id='word_1_290' title='bbox 1314 927 1501 960; x_wconf 82' lang='lat' dir='ltr'>Ramulicus</span> <span class='ocrx_word' id='word_1_291' title='bbox 1523 952 1533 969; x_wconf 87' lang='lat'>,</span> <span class='ocrx_word' id='word_1_292' title='bbox 1573 926 1801 965; x_wconf 77' lang='lat' dir='ltr'>Ramulicius.</span> 
     </span>
     <span class='ocr_line' id='line_1_63' title="bbox 1091 976 1801 1019; baseline 0 -10"><span class='ocrx_word' id='word_1_293' title='bbox 1091 977 1279 1010; x_wconf 72' lang='lat' dir='ltr'>Ramulcius</span> <span class='ocrx_word' id='word_1_294' title='bbox 1300 1003 1309 1019; x_wconf 79' lang='lat'>‚</span> <span class='ocrx_word' id='word_1_295' title='bbox 1353 976 1548 1010; x_wconf 78' lang='lat' dir='ltr'>Tramulcius</span> <span class='ocrx_word' id='word_1_296' title='bbox 1566 1002 1576 1017; x_wconf 82' lang='lat'>,</span> <span class='ocrx_word' id='word_1_297' title='bbox 1620 976 1765 1010; x_wconf 78' lang='lat' dir='ltr'>Tralcius</span> <span class='ocrx_word' id='word_1_298' title='bbox 1787 1002 1801 1019; x_wconf 86' lang='lat'>‚</span> 
     </span>
     <span class='ocr_line' id='line_1_64' title="bbox 1091 1025 1800 1062; baseline 0.004 -3"><span class='ocrx_word' id='word_1_299' title='bbox 1091 1027 1233 1061; x_wconf 80' lang='lat' dir='ltr'>Tralcio.</span> <span class='ocrx_word' id='word_1_300' title='bbox 1261 1027 1392 1061; x_wconf 83' lang='lat' dir='ltr'>Grandi</span> <span class='ocrx_word' id='word_1_301' title='bbox 1430 1026 1512 1061; x_wconf 87' lang='lat' dir='ltr'>haec</span> <span class='ocrx_word' id='word_1_302' title='bbox 1540 1025 1800 1062; x_wconf 84' lang='lat' dir='ltr'>exclamatione</span> 
     </span>
     <span class='ocr_line' id='line_1_65' title="bbox 1090 1075 1802 1116; baseline 0.001 -6"><span class='ocrx_word' id='word_1_303' title='bbox 1090 1077 1318 1116; x_wconf 78' lang='lat' dir='ltr'>excipienda.</span> <span class='ocrx_word' id='word_1_304' title='bbox 1349 1076 1486 1112; x_wconf 85' lang='lat' dir='ltr'>Voffius</span> <span class='ocrx_word' id='word_1_305' title='bbox 1514 1077 1556 1111; x_wconf 92' lang='lat' dir='ltr'>de</span> <span class='ocrx_word' id='word_1_306' title='bbox 1585 1075 1696 1111; x_wconf 88' lang='lat' dir='ltr'>Vitiis</span> <span class='ocrx_word' id='word_1_307' title='bbox 1722 1078 1802 1111; x_wconf 87' lang='lat' dir='ltr'>Ser-</span> 
     </span>
     <span class='ocr_line' id='line_1_66' title="bbox 1091 1126 1801 1172; baseline 0.004 -13"><span class='ocrx_word' id='word_1_308' title='bbox 1091 1127 1207 1160; x_wconf 87' lang='lat' dir='ltr'>monis</span> <span class='ocrx_word' id='word_1_309' title='bbox 1233 1154 1243 1168; x_wconf 76' lang='lat'>,</span> <span class='ocrx_word' id='word_1_310' title='bbox 1292 1127 1406 1162; x_wconf 86' lang='lat' dir='ltr'>censet</span> <span class='ocrx_word' id='word_1_311' title='bbox 1445 1141 1463 1161; x_wconf 90' lang='lat' dir='ltr'>a</span> <span class='ocrx_word' id='word_1_312' title='bbox 1505 1128 1658 1164; x_wconf 78' lang='lat' dir='ltr'>Tranice,</span> <span class='ocrx_word' id='word_1_313' title='bbox 1702 1126 1801 1172; x_wconf 72' lang='lat' dir='ltr'>cujus</span> 
     </span>
     <span class='ocr_line' id='line_1_67' title="bbox 1091 1175 1801 1222; baseline 0.003 -14"><span class='ocrx_word' id='word_1_314' title='bbox 1091 1175 1227 1209; x_wconf 61' lang='lat' dir='ltr'>mentio</span> <span class='ocrx_word' id='word_1_315' title='bbox 1254 1176 1299 1210; x_wconf 88' lang='lat' dir='ltr'>est</span> <span class='ocrx_word' id='word_1_316' title='bbox 1327 1178 1362 1210; x_wconf 89' lang='lat' dir='ltr'>in</span> <span class='ocrx_word' id='word_1_317' title='bbox 1393 1179 1488 1222; x_wconf 82' lang='lat' dir='ltr'>Lege</span> <span class='ocrx_word' id='word_1_318' title='bbox 1516 1178 1626 1210; x_wconf 85' lang='lat' dir='ltr'><strong>CCC.</strong></span> <span class='ocrx_word' id='word_1_319' title='bbox 1663 1175 1801 1210; x_wconf 84' lang='lat' dir='ltr'>Rotha-</span> 
     </span>
     <span class='ocr_line' id='line_1_68' title="bbox 1088 1224 1803 1273; baseline 0.001 -14"><span class='ocrx_word' id='word_1_320' title='bbox 1088 1224 1136 1259; x_wconf 86' lang='lat' dir='ltr'>ris</span> <span class='ocrx_word' id='word_1_321' title='bbox 1165 1225 1474 1273; x_wconf 85' lang='lat' dir='ltr'>Langobardorum</span> <span class='ocrx_word' id='word_1_322' title='bbox 1507 1225 1638 1273; x_wconf 84' lang='lat' dir='ltr'>Regis,</span> <span class='ocrx_word' id='word_1_323' title='bbox 1676 1225 1803 1260; x_wconf 81' lang='lat' dir='ltr'>Tralcio</span> 
     </span>
     <span class='ocr_line' id='line_1_69' title="bbox 1091 1274 1801 1320; baseline 0.007 -14"><span class='ocrx_word' id='word_1_324' title='bbox 1091 1275 1273 1319; x_wconf 68' lang='lat' dir='ltr'>prodiisse.</span> <span class='ocrx_word' id='word_1_325' title='bbox 1304 1278 1398 1309; x_wconf 86' lang='lat' dir='ltr'>Haec</span> <span class='ocrx_word' id='word_1_326' title='bbox 1428 1276 1572 1320; x_wconf 90' lang='lat' dir='ltr'>propior</span> <span class='ocrx_word' id='word_1_327' title='bbox 1600 1274 1698 1308; x_wconf 88' lang='lat' dir='ltr'>vocis</span> <span class='ocrx_word' id='word_1_328' title='bbox 1725 1275 1801 1311; x_wconf 90' lang='lat' dir='ltr'>ori-</span> 
     </span>
    </p>
   </div>
   <div class='ocr_carea' id='block_1_17' title="bbox 1068 1322 1801 1372">
    <p class='ocr_par' dir='ltr' id='par_1_19' title="bbox 1068 1322 1801 1372">
     <span class='ocr_line' id='line_1_70' title="bbox 1068 1322 1801 1372; baseline 0.004 -16"><span class='ocrx_word' id='word_1_329' title='bbox 1068 1334 1154 1368; x_wconf 78' lang='lat' dir='ltr'>.‚g0‚</span> <span class='ocrx_word' id='word_1_330' title='bbox 1183 1322 1295 1357; x_wconf 86' lang='lat' dir='ltr'>immo</span> <span class='ocrx_word' id='word_1_331' title='bbox 1317 1332 1430 1357; x_wconf 59' lang='lat' dir='ltr'>certa.</span> <span class='ocrx_word' id='word_1_332' title='bbox 1459 1323 1668 1358; x_wconf 83' lang='lat' dir='ltr'>Addendum</span> <span class='ocrx_word' id='word_1_333' title='bbox 1696 1324 1801 1372; x_wconf 87' lang='lat' dir='ltr'>quip-</span> 
     </span>
    </p>
   </div>
   <div class='ocr_carea' id='block_1_18' title="bbox 1085 1371 1798 2119">
    <p class='ocr_par' dir='ltr' id='par_1_20' title="bbox 1085 1371 1798 2119">
     <span class='ocr_line' id='line_1_71' title="bbox 1088 1371 1798 1418; baseline 0.01 -14"><span class='ocrx_word' id='word_1_334' title='bbox 1088 1384 1129 1418; x_wconf 88' lang='lat' dir='ltr'>pe</span> <span class='ocrx_word' id='word_1_335' title='bbox 1167 1371 1232 1414; x_wconf 82' lang='lat' dir='ltr'>est,</span> <span class='ocrx_word' id='word_1_336' title='bbox 1270 1386 1340 1408; x_wconf 91' lang='lat' dir='ltr'>non</span> <span class='ocrx_word' id='word_1_337' title='bbox 1377 1374 1542 1408; x_wconf 82' lang='lat' dir='ltr'>Tranicem</span> <span class='ocrx_word' id='word_1_338' title='bbox 1571 1387 1611 1408; x_wconf 88' lang='lat' dir='ltr'>eo</span> <span class='ocrx_word' id='word_1_339' title='bbox 1649 1373 1687 1410; x_wconf 88' lang='lat' dir='ltr'>in</span> <span class='ocrx_word' id='word_1_340' title='bbox 1715 1375 1798 1411; x_wconf 88' lang='lat' dir='ltr'>loco</span> 
     </span>
     <span class='ocr_line' id='line_1_72' title="bbox 1087 1421 1798 1467; baseline 0.008 -11"><span class='ocrx_word' id='word_1_341' title='bbox 1087 1421 1152 1456; x_wconf 81' lang='lat' dir='ltr'>effe</span> <span class='ocrx_word' id='word_1_342' title='bbox 1189 1423 1400 1467; x_wconf 70' lang='lat' dir='ltr'>legendum,</span> <span class='ocrx_word' id='word_1_343' title='bbox 1438 1424 1492 1460; x_wconf 91' lang='lat' dir='ltr'>sed</span> <span class='ocrx_word' id='word_1_344' title='bbox 1532 1428 1706 1459; x_wconf 72' lang='lat' dir='ltr'>Traucem.</span> <span class='ocrx_word' id='word_1_345' title='bbox 1745 1428 1798 1462; x_wconf 85' lang='lat' dir='ltr'>Ita</span> 
     </span>
     <span class='ocr_line' id='line_1_73' title="bbox 1087 1472 1797 1512; baseline 0.007 -6"><span class='ocrx_word' id='word_1_346' title='bbox 1087 1472 1181 1507; x_wconf 89' lang='lat' dir='ltr'>enim</span> <span class='ocrx_word' id='word_1_347' title='bbox 1212 1473 1335 1509; x_wconf 78' lang='lat' dir='ltr'>vetusti</span> <span class='ocrx_word' id='word_1_348' title='bbox 1373 1475 1469 1510; x_wconf 72' lang='lat' dir='ltr'>MSti</span> <span class='ocrx_word' id='word_1_349' title='bbox 1499 1475 1650 1511; x_wconf 84' lang='lat' dir='ltr'>Codices</span> <span class='ocrx_word' id='word_1_350' title='bbox 1679 1477 1797 1512; x_wconf 87' lang='lat' dir='ltr'>Muti-</span> 
     </span>
     <span class='ocr_line' id='line_1_74' title="bbox 1087 1522 1796 1571; baseline 0.008 -14"><span class='ocrx_word' id='word_1_351' title='bbox 1087 1522 1206 1558; x_wconf 88' lang='lat' dir='ltr'>nenses</span> <span class='ocrx_word' id='word_1_352' title='bbox 1235 1525 1450 1571; x_wconf 85' lang='lat' dir='ltr'>praeferunt.</span> <span class='ocrx_word' id='word_1_353' title='bbox 1488 1527 1516 1560; x_wconf 80' lang='lat' dir='ltr'>E</span> <span class='ocrx_word' id='word_1_354' title='bbox 1547 1530 1664 1561; x_wconf 76' lang='lat' dir='ltr'>Trauce</span> <span class='ocrx_word' id='word_1_355' title='bbox 1691 1527 1796 1563; x_wconf 87' lang='lat' dir='ltr'>effor-</span> 
     </span>
     <span class='ocr_line' id='line_1_75' title="bbox 1087 1575 1796 1623; baseline 0.006 -16"><span class='ocrx_word' id='word_1_356' title='bbox 1087 1582 1220 1608; x_wconf 85' lang='lat' dir='ltr'>matum</span> <span class='ocrx_word' id='word_1_357' title='bbox 1251 1576 1409 1619; x_wconf 71' lang='grc' dir='ltr'>Τναικὶο,</span> <span class='ocrx_word' id='word_1_358' title='bbox 1446 1577 1479 1611; x_wconf 78' lang='grc'>8(</span> <span class='ocrx_word' id='word_1_359' title='bbox 1518 1575 1667 1623; x_wconf 86' lang='lat' dir='ltr'>denique</span> <span class='ocrx_word' id='word_1_360' title='bbox 1697 1579 1796 1611; x_wconf 85' lang='lat' dir='ltr'>Tral-</span> 
     </span>
     <span class='ocr_line' id='line_1_76' title="bbox 1086 1624 1797 1674; baseline 0.006 -16"><span class='ocrx_word' id='word_1_361' title='bbox 1086 1625 1149 1658; x_wconf 87' lang='lat' dir='ltr'>cio.</span> <span class='ocrx_word' id='word_1_362' title='bbox 1187 1624 1279 1660; x_wconf 90' lang='lat' dir='ltr'>Vide</span> <span class='ocrx_word' id='word_1_363' title='bbox 1315 1624 1412 1674; x_wconf 87' lang='lat' dir='ltr'>supra</span> <span class='ocrx_word' id='word_1_364' title='bbox 1441 1626 1480 1661; x_wconf 88' lang='lat' dir='ltr'>ad</span> <span class='ocrx_word' id='word_1_365' title='bbox 1510 1639 1632 1661; x_wconf 87' lang='lat' dir='ltr'>vocem</span> <span class='ocrx_word' id='word_1_366' title='bbox 1661 1628 1797 1663; x_wconf 77' lang='lat' dir='ltr'>Scaltri-</span> 
     </span>
     <span class='ocr_line' id='line_1_77' title="bbox 1085 1675 1797 1715; baseline 0.006 -6"><span class='ocrx_word' id='word_1_367' title='bbox 1085 1685 1137 1715; x_wconf 81' lang='lat' dir='ltr'>to,</span> <span class='ocrx_word' id='word_1_368' title='bbox 1176 1675 1234 1710; x_wconf 89' lang='lat' dir='ltr'>ubi</span> <span class='ocrx_word' id='word_1_369' title='bbox 1262 1675 1418 1713; x_wconf 83' lang='lat' dir='ltr'>diximus</span> <span class='ocrx_word' id='word_1_370' title='bbox 1445 1680 1525 1712; x_wconf 71' lang='grc' dir='ltr'>ΛΠ.</span> <span class='ocrx_word' id='word_1_371' title='bbox 1554 1678 1591 1712; x_wconf 93' lang='lat' dir='ltr'>in</span> <span class='ocrx_word' id='word_1_372' title='bbox 1619 1682 1699 1714; x_wconf 69' lang='lat' dir='ltr'>AL.</span> <span class='ocrx_word' id='word_1_373' title='bbox 1726 1677 1797 1713; x_wconf 88' lang='lat' dir='ltr'>im-</span> 
     </span>
     <span class='ocr_line' id='line_1_78' title="bbox 1088 1725 1796 1777; baseline 0.007 -18"><span class='ocrx_word' id='word_1_374' title='bbox 1088 1725 1240 1761; x_wconf 86' lang='lat' dir='ltr'>mutari.</span> <span class='ocrx_word' id='word_1_375' title='bbox 1278 1727 1426 1775; x_wconf 87' lang='lat' dir='ltr'>Opinari</span> <span class='ocrx_word' id='word_1_376' title='bbox 1455 1741 1537 1777; x_wconf 87' lang='lat' dir='ltr'>ergo</span> <span class='ocrx_word' id='word_1_377' title='bbox 1564 1727 1613 1763; x_wconf 87' lang='lat' dir='ltr'>fas</span> <span class='ocrx_word' id='word_1_378' title='bbox 1641 1729 1706 1768; x_wconf 85' lang='lat' dir='ltr'>est,</span> <span class='ocrx_word' id='word_1_379' title='bbox 1734 1737 1796 1764; x_wconf 86' lang='lat' dir='ltr'>aut</span> 
     </span>
     <span class='ocr_line' id='line_1_79' title="bbox 1087 1777 1795 1827; baseline 0.007 -17"><span class='ocrx_word' id='word_1_380' title='bbox 1087 1777 1316 1813; x_wconf 86' lang='lat' dir='ltr'>Germanicae</span> <span class='ocrx_word' id='word_1_381' title='bbox 1343 1779 1512 1823; x_wconf 69' lang='lat' dir='ltr'>originis,</span> <span class='ocrx_word' id='word_1_382' title='bbox 1541 1788 1600 1814; x_wconf 90' lang='lat' dir='ltr'>aut</span> <span class='ocrx_word' id='word_1_383' title='bbox 1621 1778 1795 1827; x_wconf 85' lang='lat' dir='ltr'>antiquis-</span> 
     </span>
     <span class='ocr_line' id='line_1_80' title="bbox 1088 1825 1795 1878; baseline 0.007 -17"><span class='ocrx_word' id='word_1_384' title='bbox 1088 1825 1189 1862; x_wconf 75' lang='lat' dir='ltr'>simae</span> <span class='ocrx_word' id='word_1_385' title='bbox 1226 1827 1370 1865; x_wconf 81' lang='lat' dir='ltr'>Italicae</span> <span class='ocrx_word' id='word_1_386' title='bbox 1406 1825 1566 1878; x_wconf 80' lang='lat' dir='ltr'>Linguae</span> <span class='ocrx_word' id='word_1_387' title='bbox 1604 1829 1701 1866; x_wconf 81' lang='lat' dir='ltr'>fuisse</span> <span class='ocrx_word' id='word_1_388' title='bbox 1731 1843 1795 1865; x_wconf 86' lang='lat' dir='ltr'>vo-</span> 
     </span>
     <span class='ocr_line' id='line_1_81' title="bbox 1088 1878 1794 1930; baseline 0.006 -18"><span class='ocrx_word' id='word_1_389' title='bbox 1088 1878 1250 1913; x_wconf 87' lang='lat' dir='ltr'>cabulum</span> <span class='ocrx_word' id='word_1_390' title='bbox 1278 1879 1386 1915; x_wconf 88' lang='lat' dir='ltr'>istud.</span> <span class='ocrx_word' id='word_1_391' title='bbox 1425 1883 1500 1930; x_wconf 83' lang='lat' dir='ltr'>Ego</span> <span class='ocrx_word' id='word_1_392' title='bbox 1536 1889 1653 1916; x_wconf 85' lang='lat' dir='ltr'>tamen</span> <span class='ocrx_word' id='word_1_393' title='bbox 1691 1880 1794 1916; x_wconf 86' lang='lat' dir='ltr'>dubi-</span> 
     </span>
     <span class='ocr_line' id='line_1_82' title="bbox 1087 1929 1796 1980; baseline 0.008 -18"><span class='ocrx_word' id='word_1_394' title='bbox 1087 1937 1160 1963; x_wconf 80' lang='lat' dir='ltr'>tare</span> <span class='ocrx_word' id='word_1_395' title='bbox 1195 1929 1305 1965; x_wconf 85' lang='lat' dir='ltr'>adhuc</span> <span class='ocrx_word' id='word_1_396' title='bbox 1343 1945 1473 1980; x_wconf 81' lang='lat' dir='ltr'>pergo,</span> <span class='ocrx_word' id='word_1_397' title='bbox 1511 1932 1681 1967; x_wconf 88' lang='lat' dir='ltr'>Latinum</span> <span class='ocrx_word' id='word_1_398' title='bbox 1711 1935 1796 1965; x_wconf 84' lang='lat' dir='ltr'>Tra—</span> 
     </span>
     <span class='ocr_line' id='line_1_83' title="bbox 1086 1981 1794 2029; baseline 0.008 -16"><span class='ocrx_word' id='word_1_399' title='bbox 1086 1982 1150 2013; x_wconf 75' lang='lat' dir='ltr'>dux</span> <span class='ocrx_word' id='word_1_400' title='bbox 1192 1981 1345 2015; x_wconf 80' lang='lat' dir='ltr'>Traducis</span> <span class='ocrx_word' id='word_1_401' title='bbox 1387 1982 1590 2018; x_wconf 85' lang='lat' dir='ltr'>conversum</span> <span class='ocrx_word' id='word_1_402' title='bbox 1642 1982 1757 2029; x_wconf 84' lang='lat' dir='ltr'>primo</span> <span class='ocrx_word' id='word_1_403' title='bbox 1782 2009 1794 2026; x_wconf 84' lang='lat'><em>‚</em></span> 
     </span>
     <span class='ocr_line' id='line_1_84' title="bbox 1088 2033 1794 2079; baseline 0.006 -16"><span class='ocrx_word' id='word_1_404' title='bbox 1088 2040 1360 2079; x_wconf 87' lang='lat' dir='ltr'>corruptumque</span> <span class='ocrx_word' id='word_1_405' title='bbox 1397 2033 1494 2069; x_wconf 81' lang='lat' dir='ltr'>fuiffe</span> <span class='ocrx_word' id='word_1_406' title='bbox 1521 2033 1557 2067; x_wconf 89' lang='lat' dir='ltr'>in</span> <span class='ocrx_word' id='word_1_407' title='bbox 1586 2036 1725 2075; x_wconf 68' lang='lat' dir='ltr'>Trauce,</span> <span class='ocrx_word' id='word_1_408' title='bbox 1753 2044 1794 2067; x_wconf 90' lang='lat' dir='ltr'>ac</span> 
     </span>
     <span class='ocr_line' id='line_1_85' title="bbox 1087 2079 1629 2119; baseline 0.006 -5"><span class='ocrx_word' id='word_1_409' title='bbox 1087 2079 1227 2116; x_wconf 85' lang='lat' dir='ltr'>demum</span> <span class='ocrx_word' id='word_1_410' title='bbox 1255 2082 1292 2117; x_wconf 88' lang='lat' dir='ltr'>in</span> <span class='ocrx_word' id='word_1_411' title='bbox 1321 2085 1447 2117; x_wconf 76' lang='lat' dir='ltr'>Tralcio</span> <span class='ocrx_word' id='word_1_412' title='bbox 1473 2081 1629 2119; x_wconf 76' lang='lat' dir='ltr'>evafiffe.</span> 
     </span>
    </p>
   </div>
   <div class='ocr_carea' id='block_1_19' title="bbox 1036 2131 1796 2181">
    <p class='ocr_par' dir='ltr' id='par_1_21' title="bbox 1036 2131 1796 2181">
     <span class='ocr_line' id='line_1_86' title="bbox 1036 2131 1796 2181; baseline 0.003 -14"><span class='ocrx_word' id='word_1_413' title='bbox 1036 2132 1219 2174; x_wconf 69' lang='lat' dir='ltr'>Trappola.</span> <span class='ocrx_word' id='word_1_414' title='bbox 1257 2133 1429 2179; x_wconf 80' lang='lat' dir='ltr'>Decipula.</span> <span class='ocrx_word' id='word_1_415' title='bbox 1467 2135 1506 2168; x_wconf 85' lang='lat' dir='ltr'>In</span> <span class='ocrx_word' id='word_1_416' title='bbox 1544 2131 1653 2168; x_wconf 86' lang='lat' dir='ltr'>Latio</span> <span class='ocrx_word' id='word_1_417' title='bbox 1689 2141 1796 2181; x_wconf 86' lang='lat' dir='ltr'>atque</span> 
     </span>
    </p>
   </div>
   <div class='ocr_carea' id='block_1_20' title="bbox 1082 2181 1796 2574">
    <p class='ocr_par' dir='ltr' id='par_1_22' title="bbox 1082 2181 1796 2574">
     <span class='ocr_line' id='line_1_87' title="bbox 1087 2181 1796 2230; baseline 0.003 -13"><span class='ocrx_word' id='word_1_418' title='bbox 1087 2181 1125 2217; x_wconf 87' lang='lat' dir='ltr'>in</span> <span class='ocrx_word' id='word_1_419' title='bbox 1162 2183 1308 2218; x_wconf 87' lang='lat' dir='ltr'>Graecia</span> <span class='ocrx_word' id='word_1_420' title='bbox 1345 2183 1515 2230; x_wconf 85' lang='lat' dir='ltr'>quaefivit</span> <span class='ocrx_word' id='word_1_421' title='bbox 1553 2182 1640 2218; x_wconf 82' lang='lat' dir='ltr'>hanc</span> <span class='ocrx_word' id='word_1_422' title='bbox 1669 2196 1796 2219; x_wconf 87' lang='lat' dir='ltr'>vocem</span> 
     </span>
     <span class='ocr_line' id='line_1_88' title="bbox 1087 2231 1795 2274; baseline 0 -8"><span class='ocrx_word' id='word_1_423' title='bbox 1087 2231 1258 2267; x_wconf 70' lang='lat' dir='ltr'>Ostavius</span> <span class='ocrx_word' id='word_1_424' title='bbox 1300 2234 1502 2274; x_wconf 77' lang='lat' dir='ltr'>Ferrarius.</span> <span class='ocrx_word' id='word_1_425' title='bbox 1545 2232 1581 2268; x_wconf 75' lang='grc' dir='ltr'>ἃ</span> <span class='ocrx_word' id='word_1_426' title='bbox 1620 2246 1639 2268; x_wconf 88' lang='lat' dir='ltr'>a</span> <span class='ocrx_word' id='word_1_427' title='bbox 1678 2233 1795 2267; x_wconf 74' lang='lat' dir='ltr'>Tribo-</span> 
     </span>
     <span class='ocr_line' id='line_1_89' title="bbox 1087 2283 1793 2326; baseline 0.001 -9"><span class='ocrx_word' id='word_1_428' title='bbox 1087 2284 1173 2326; x_wconf 85' lang='lat' dir='ltr'>lum,</span> <span class='ocrx_word' id='word_1_429' title='bbox 1201 2283 1361 2319; x_wconf 68' lang='lat' dir='ltr'>machina</span> <span class='ocrx_word' id='word_1_430' title='bbox 1388 2283 1530 2320; x_wconf 88' lang='lat' dir='ltr'>Graecis</span> <span class='ocrx_word' id='word_1_431' title='bbox 1558 2283 1664 2319; x_wconf 80' lang='lat' dir='ltr'>etiam</span> <span class='ocrx_word' id='word_1_432' title='bbox 1691 2284 1793 2324; x_wconf 63' lang='lat' dir='ltr'>nota,</span> 
     </span>
     <span class='ocr_line' id='line_1_90' title="bbox 1087 2333 1794 2382; baseline 0.001 -13"><span class='ocrx_word' id='word_1_433' title='bbox 1087 2333 1279 2369; x_wconf 85' lang='lat' dir='ltr'>derivatam</span> <span class='ocrx_word' id='word_1_434' title='bbox 1310 2335 1469 2382; x_wconf 78' lang='lat' dir='ltr'>putavit.</span> <span class='ocrx_word' id='word_1_435' title='bbox 1498 2336 1537 2370; x_wconf 89' lang='lat' dir='ltr'>In</span> <span class='ocrx_word' id='word_1_436' title='bbox 1567 2335 1794 2370; x_wconf 86' lang='lat' dir='ltr'>Germaniam</span> 
     </span>
     <span class='ocr_line' id='line_1_91' title="bbox 1088 2384 1793 2421; baseline 0.001 -2"><span class='ocrx_word' id='word_1_437' title='bbox 1088 2384 1236 2419; x_wconf 89' lang='lat' dir='ltr'>eundum</span> <span class='ocrx_word' id='word_1_438' title='bbox 1266 2395 1358 2419; x_wconf 82' lang='lat' dir='ltr'>erat.</span> <span class='ocrx_word' id='word_1_439' title='bbox 1387 2386 1504 2420; x_wconf 84' lang='lat' dir='ltr'>Habet</span> <span class='ocrx_word' id='word_1_440' title='bbox 1527 2386 1620 2421; x_wconf 85' lang='lat' dir='ltr'>enirn</span> <span class='ocrx_word' id='word_1_441' title='bbox 1647 2385 1793 2420; x_wconf 89' lang='lat' dir='ltr'>illorum</span> 
     </span>
     <span class='ocr_line' id='line_1_92' title="bbox 1086 2435 1795 2483; baseline -0.001 -12"><span class='ocrx_word' id='word_1_442' title='bbox 1086 2435 1228 2483; x_wconf 82' lang='lat' dir='ltr'>Lingua</span> <span class='ocrx_word' id='word_1_443' title='bbox 1255 2435 1516 2472; x_wconf 78' lang='lat' dir='ltr'>vetustiffimam</span> <span class='ocrx_word' id='word_1_444' title='bbox 1548 2449 1669 2471; x_wconf 83' lang='lat' dir='ltr'>vocem</span> <span class='ocrx_word' id='word_1_445' title='bbox 1711 2439 1795 2470; x_wconf 82' lang='lat' dir='ltr'>Dre-</span> 
     </span>
     <span class='ocr_line' id='line_1_93' title="bbox 1082 2485 1794 2572; baseline 0.001 -52"><span class='ocrx_word' id='word_1_446' title='bbox 1082 2496 1144 2533; x_wconf 85' lang='lat' dir='ltr'>pen</span> <span class='ocrx_word' id='word_1_447' title='bbox 1164 2509 1175 2525; x_wconf 89' lang='lat'><strong><em>,</em></strong></span> <span class='ocrx_word' id='word_1_448' title='bbox 1216 2486 1354 2520; x_wconf 80' lang='lat' dir='ltr'>Tendere</span> <span class='ocrx_word' id='word_1_449' title='bbox 1373 2513 1384 2532; x_wconf 86' lang='lat'><strong>,</strong></span> <span class='ocrx_word' id='word_1_450' title='bbox 1426 2495 1465 2523; x_wconf 88' lang='lat' dir='ltr'>ut</span> <span class='ocrx_word' id='word_1_451' title='bbox 1504 2487 1675 2523; x_wconf 81' lang='lat' dir='ltr'>Eccardus</span> <span class='ocrx_word' id='word_1_452' title='bbox 1702 2485 1794 2572; x_wconf 78' lang='lat' dir='ltr'>dani-</span> 
     </span>
     <span class='ocr_line' id='line_1_94' title="bbox 1181 2536 1741 2574; baseline 0.002 -3"><span class='ocrx_word' id='word_1_453' title='bbox 1181 2536 1217 2571; x_wconf 89' lang='lat' dir='ltr'>T</span> <span class='ocrx_word' id='word_1_454' title='bbox 1243 2544 1259 2571; x_wconf 92' lang='lat' dir='ltr'>t</span> <span class='ocrx_word' id='word_1_455' title='bbox 1284 2543 1301 2571; x_wconf 87' lang='lat' dir='ltr'>t</span> <span class='ocrx_word' id='word_1_456' title='bbox 1643 2550 1700 2574; x_wconf 86' lang='lat' dir='ltr'>ma</span> <span class='ocrx_word' id='word_1_457' title='bbox 1725 2558 1741 2564; x_wconf 89' lang='lat'><em>-</em></span> 
     </span>
    </p>
   </div>
  </div>
 </body>
</html>
