2169 3047
272 232 378 261 1001

258 328 415 369 Sinistra,
434 323 643 368 Sinistracus,
664 329 689 359 S
691 336 812 371 tracus,
832 330 965 367 stactis,

257 382 412 421 stamus,
449 376 537 410 hanc
570 387 690 411 vocem
729 390 808 413 cum
839 380 965 414 Mena-

257 428 317 477 gio
353 426 522 464 deda-cas.
559 426 597 461 Id
634 440 740 477 genus
777 430 964 476 Etymolo-

256 478 393 527 giarum
422 478 675 519 somniantem,
701 492 770 515 non
799 482 880 516 verb
908 494 964 517 ac-

257 537 414 565 curatum
450 529 587 569 virum,
624 530 741 566 decet.
779 532 964 567 Germani-

256 592 316 615 cae
345 580 494 628 originis
523 580 566 616 est
594 584 726 616 stanco.
758 584 901 617 Veteres
929 596 962 618 e-

255 631 332 667 nirn
361 632 513 666 Saxones
541 633 681 677 Atankt,
717 631 759 667 ad
787 632 962 681 designan-

256 681 339 718 dum
365 682 497 717 debilem
526 680 561 718 ὅ(
589 683 789 729 fatigatum,
824 684 962 732 usurpa-

254 741 360 777 runt,
388 742 492 781 atque
522 733 557 768 in
587 734 757 782 Angliam
786 734 963 777 detulere,

255 782 316 819 ubi
353 783 463 819 adhuc
501 784 537 819 in
575 784 632 820 usu
661 785 784 822 Stank.
822 784 963 820 Sinistra

255 837 339 870 vero
367 847 488 870 manus
516 837 691 883 appellata
718 849 736 871 a
765 835 865 871 nobis
894 835 962 870 fuit

253 887 398 929 stanca,
435 899 475 921 eo
503 886 595 933 quod
634 899 713 934 prae
741 886 894 922 Dextera
922 885 962 921 fit

253 934 412 980 debilis,
453 949 493 971 ac
531 936 701 977 infirma,
737 938 771 971 δ(
811 936 960 972 scriben-

252 985 321 1030 do,
350 986 571 1035 aliorumque
607 1001 751 1035 operum
783 987 857 1023 usui
894 987 960 1022 mi-

251 1049 315 1072 nus
343 1048 444 1085 apta:
468 1051 535 1086 qua
562 1049 698 1074 ratione
726 1038 833 1073 etiam
858 1041 961 1072 Man-

250 1101 286 1123 ca
305 1101 324 1123 a
346 1088 479 1124 Latino
501 1092 637 1124 Mancus
656 1088 749 1124 dista
770 1088 833 1124 est.
855 1090 958 1123 Cete-

249 1151 327 1174 rum
345 1139 523 1186 postquam
545 1153 587 1174 ex
609 1139 822 1174 Germanico
841 1139 961 1175 Stankt

247 1188 332 1222 Itali
359 1188 457 1222 suum
483 1191 599 1221 Stanco
622 1188 816 1231 deduxere,
840 1188 891 1222 ita
916 1201 959 1223 ex

245 1235 310 1272 hac
353 1250 439 1273 voce
477 1237 563 1272 alias
600 1237 836 1282 derivarunt,
877 1248 959 1286 puta

245 1288 447 1330 Stancbezza
458 1312 468 1328 ,
496 1289 647 1320 stantare
656 1310 667 1325 ‚
694 1287 855 1326 Stancarfi
866 1313 875 1321 .

195 1338 298 1371 Steeco
315 1335 537 1378 ,frustulum
565 1336 669 1371 rami.
698 1338 779 1380 Jure
806 1336 957 1384 Scalige-

245 1399 323 1422 rum
374 1385 542 1422 seniorem
585 1388 771 1436 Menagius
813 1388 928 1436 arguit
949 1414 959 1431 ,

246 1446 340 1494 quod
362 1459 379 1482 a
402 1449 537 1482 Graeco
558 1438 763 1495 Στέλεχος
786 1446 874 1482 hanc
896 1460 955 1482 vo-

247 1510 323 1532 cem
351 1497 520 1533 traxerit.
551 1496 699 1531 Arceffit
726 1496 797 1544 ipse
825 1511 843 1533 e
870 1499 958 1533 Ger-

246 1548 384 1584 manica
412 1548 573 1597 Lingua,
600 1548 632 1581 8<
663 1548 811 1583 merito.
839 1547 895 1584 Est
922 1563 957 1584 e-

245 1598 319 1634 nim
342 1599 528 1635 Germanis
545 1598 674 1635 st'ecken
694 1597 732 1633 ἃ
749 1600 858 1636 steck.
882 1603 952 1634 An*

244 1650 296 1699 gli
321 1664 460 1698 quoque
488 1651 666 1698 appellant
694 1662 712 1684 a
739 1651 850 1693 Stich,
873 1651 906 1685 3<
928 1662 958 1684 zo

243 1701 356 1745 stick,
382 1701 435 1737 uti
463 1699 501 1737 δε
531 1702 656 1748 Belgae
682 1701 792 1739 Steck,
820 1699 857 1736 &
885 1704 951 1736 Ste-

243 1752 339 1791 eken,
368 1752 461 1800 quod
501 1765 563 1787 nos
590 1755 691 1785 Stecco
719 1752 894 1791 dicimus,
922 1754 954 1787 δε

243 1802 408 1844 Insteccare
430 1827 440 1842 ‚
474 1813 612 1849 pungere
650 1815 701 1835 con
738 1815 798 1836 uno
832 1806 956 1838 stem.

242 1853 307 1889 Sed
336 1854 369 1888 &
395 1854 472 1887 Pali
498 1851 667 1901 appellati
697 1851 789 1888 fuere
815 1855 955 1894 Stecchi‚

243 1903 334 1938 unde
352 1916 421 1938 vox
437 1907 574 1938 steccato
586 1929 594 1937 .
618 1903 789 1939 Nicolaus
805 1904 845 1939 de
861 1907 953 1948 Jam—

243 1952 317 1988 filla
345 1955 452 1989 Tom.
482 1956 582 1988 Vlll.
614 1955 692 1989 Rer.
725 1953 839 1990 Italic.
878 1969 953 2004 pag.

246 2016 330 2052 573.
366 2005 565 2048 sticchatos,
597 2003 669 2045 five
696 2005 857 2040 Paliciata
892 2008 953 2040 cir-

243 2069 311 2089 cum
337 2056 417 2090 circa
444 2056 641 2094 Civitatem,
670 2066 864 2092 memorat.

188 2110 355 2141 stentare.
377 2108 484 2142 Rebus
503 2104 673 2151 necessariis
692 2106 832 2142 laborare
845 2134 854 2152 ‚
878 2108 950 2151 Dif-

236 2156 414 2203 ficultatem
448 2158 542 2202 pati.
579 2156 663 2193 Inde
698 2160 834 2198 stema,
871 2159 953 2194 idest

239 2209 366 2248 Labor,
391 2211 638 2243 Incommodum.
665 2208 787 2243 Primo
814 2209 953 2255 aspestu

240 2259 350 2294 obvia
378 2258 517 2294 videtur
553 2259 650 2294 vocis
676 2259 798 2308 origo.
834 2262 887 2296 At
914 2260 952 2296 in

240 2309 351 2356 syrtes
379 2309 578 2359 conjee'ium
609 2309 780 2346 continuo
817 2321 853 2347 te
880 2311 951 2347 sen-

241 2361 330 2397 tias.
358 2363 494 2409 Accipe
529 2359 615 2409 quid
645 2360 731 2396 viris
766 2361 880 2397 dofflis
914 2362 952 2398 in

241 2422 397 2448 mentem
426 2412 504 2448 heic
535 2411 690 2448 venerit.
728 2412 905 2449 Nonnulli
933 2427 952 2449 a

243 2463 385 2506 Tenuis,
412 2463 531 2511 inquit
561 2462 770 2512 Menagius,
797 2464 953 2499 Tenuita-

195 2547 198 2549 Α
246 2524 299 2551 η,
321 2515 524 2559 Stennitare,
542 2518 710 2559 stentare,
735 2527 857 2550 vocem
881 2524 954 2550 tra-

245 2560 357 2599 hunt.
382 2566 538 2611 Etymon
564 2565 642 2602 sane
669 2579 740 2602 non
767 2578 838 2602 uno
866 2567 953 2603 titu—

553 214 921 259 DISSERTAYJO
953 217 1470 263 TRJGESJMATERTJA
1482 236 1493 267 .·

209 280 342 312 stanno.
377 274 503 321 Feffus.
542 274 732 322 Nunquam
766 289 784 310 a
812 276 965 319 sim‘ster,
998 281 1035 315 A

986 343 992 489 1

1667 240 1773 269 leoz

1128 279 1164 313 lo
1201 277 1405 314 ridendum.
1443 281 1567 318 Subdit
1602 282 1686 319 ille:
1726 286 1838 320 Potiits

1126 331 1167 365 ab
1202 329 1376 373 Abstinere,
1406 330 1654 375 Abstinentum,
1690 339 1836 372 stemum

1121 381 1249 425 facere.
1287 381 1350 416 Sed
1387 381 1539 417 alienum
1578 387 1711 432 prorsus
1747 401 1765 423 a
1794 387 1836 422 fi-

1127 430 1357 480 gnificatione
1398 432 1497 468 verbi
1533 437 1676 471 stentare
1715 438 1835 475 Italici

1127 483 1173 518 est
1200 482 1370 519 Latinum
1399 484 1587 526 Abstinere.
1616 489 1789 525 Ferrarius
1816 504 1837 527 a

1126 534 1284 576 sustinere
1324 534 1490 570 derivat.
1541 538 1594 571 At
1634 539 1837 581 sustentare,

1127 585 1220 632 quod
1248 598 1266 620 e
1289 586 1446 627 ,sustinere
1469 585 1682 633 desumitur,
1708 591 1760 625 nil
1784 591 1837 628 rei

1128 636 1232 671 habet
1260 649 1338 671 cum
1367 635 1621 685 fignificatione
1658 640 1758 676 verbi
1786 642 1839 677 al-

1128 686 1255 722 terius.
1292 689 1355 723 Me
1391 701 1530 736 quoque
1566 690 1685 726 audire
1721 705 1764 728 ne
1800 701 1836 728 te

1127 737 1264 786 pigeat.
1293 740 1333 773 In
1362 738 1496 774 militia
1532 740 1748 788 potiffimum
1780 743 1838 779 in-

1126 801 1269 824 numera
1297 792 1496 834 Tentantur,
1524 804 1563 826 ac
1590 792 1770 841 praecipue
1797 793 1836 830 in

1127 838 1383 875 obfidionibus.
1406 841 1473 876 Ubi
1498 842 1674 878 militibus
1695 853 1836 880 tentan-

1126 890 1221 925 tibus
1251 891 1406 935 vallum,
1434 893 1596 938 moenia,
1625 894 1772 933 turrim,
1800 897 1836 930 δε

1127 940 1252 976 slmilia
1269 965 1280 980 ,
1329 943 1558 979 occurrebant
1607 944 1836 981 difficultates

1125 991 1322 1028 &labores
1351 992 1509 1041 ingentes
1538 995 1605 1030 sine
1641 995 1778 1039 frufiu,
1806 996 1836 1032 ii

1126 1042 1316 1086 cedebant,
1342 1053 1446 1091 atque
1471 1058 1490 1080 a
1518 1049 1683 1081 Tentando
1705 1047 1837 1083 desiste-

1126 1092 1230 1132 bant,
1254 1094 1365 1129 donec
1388 1094 1550 1131 resumtis
1576 1096 1733 1142 viribus,
1758 1097 1837 1133 ani-

1124 1154 1276 1187 moque,
1312 1144 1440 1179 iterum
1483 1147 1710 1182 Tentabant.
1752 1148 1837 1184 Inde

1123 1202 1242 1226 ortum
1270 1193 1470 1236 Bistentare‚
1499 1195 1565 1230 hoc
1593 1197 1637 1231 est
1664 1198 1725 1230 Bis
1751 1201 1838 1232 Ten-

1122 1253 1211 1284 tare,
1239 1242 1333 1290 quod
1362 1243 1472 1290 postea
1505 1256 1734 1294 propagatum
1767 1248 1837 1284 fuit

1122 1292 1163 1325 ad
1185 1291 1448 1338 significandum
1473 1296 1644 1342 quidquid
1666 1311 1744 1333 cum
1766 1298 1838 1334 dif-

1122 1339 1307 1379 ficultate,
1347 1342 1493 1387 labore,
1529 1345 1564 1379 8<
1606 1345 1836 1385 incommodo

1121 1389 1279 1438 agimus,
1309 1401 1370 1427 aut
1399 1393 1573 1441 patimur.
1609 1396 1733 1446 Itaque
1762 1399 1836 1448 pri-

1120 1454 1180 1476 mo
1205 1440 1338 1478 diffium
1366 1442 1435 1479 fuit
1461 1446 1622 1488 Bistento‚
1646 1449 1744 1497 cujus
1770 1463 1835 1486 vo-

1120 1491 1170 1527 cis
1198 1494 1359 1541 exempla
1395 1496 1484 1543 apud
1514 1498 1767 1540 Boccaccium,
1795 1502 1831 1536 δε

1119 1545 1288 1586 joannem
1323 1544 1521 1581 Villaniurn
1551 1548 1654 1585 habes
1692 1551 1728 1586 in
1759 1554 1836 1587 Vo-

1120 1593 1300 1628 cabulario
1344 1594 1542 1632 Cruscano.
1585 1600 1722 1637 Deinde
1767 1616 1831 1651 pro

1120 1644 1263 1685 Bislento
1295 1645 1394 1681 venit
1422 1649 1549 1683 Stento.
1578 1650 1677 1685 Olim
1716 1653 1834 1689 crede-

1121 1695 1197 1729 bam
1228 1695 1269 1729 ab
1297 1696 1484 1739 Exstentare
1519 1708 1641 1736 natum
1669 1700 1736 1737 hoc
1768 1716 1834 1738 vo-

1120 1745 1306 1789 cabulum‚
1334 1747 1375 1782 ad
1404 1747 1667 1796 fignificandum
1697 1753 1832 1796 Defiste-

1119 1810 1150 1830 re
1177 1812 1196 1830 a
1223 1799 1408 1843 Tentando,
1439 1798 1508 1835 live
1534 1803 1576 1836 ab
1611 1805 1756 1848 Incepm,
1783 1805 1829 1840 ob

1118 1846 1346 1884 difficultates
1382 1849 1561 1897 objeEias.
1598 1855 1652 1889 At
1688 1854 1832 1904 propior

1119 1911 1202 1933 vero
1231 1898 1342 1945 postea
1378 1900 1469 1936 mihi
1498 1902 1570 1938 visa
1606 1904 1654 1939 est
1682 1905 1783 1954 origo
1811 1920 1830 1942 e

1119 1949 1327 1992 Btstentare:
1366 1951 1459 1999 quod
1496 1956 1744 1991 tantummodo
1787 1956 1830 1992 fit

1119 1999 1157 2035 in
1184 2000 1299 2036 arduis
1328 2003 1450 2039 rebus.
1488 2006 1717 2042 Vocabularii
1746 2009 1831 2043 Flo-

1118 2050 1250 2086 rentini
1269 2052 1464 2097 Aufflores‚
1486 2067 1592 2101 quum
1615 2058 1704 2102 apud
1724 2059 1830 2101 Joan-

1117 2115 1198 2137 nem
1229 2103 1427 2139 Villanium
1456 2105 1539 2141 Lib.
1567 2119 1602 2153 9.
1629 2105 1719 2155 Cap.
1745 2120 1830 2155 347.

1118 2152 1286 2188 vitiosum
1307 2151 1482 2190 Codicem
1510 2155 1647 2203 sequuti
1672 2157 1830 2194 invenis-

1117 2202 1193 2239 sent
1218 2204 1425 2250 Bistendare,
1450 2207 1597 2241 verbum
1624 2207 1692 2243 hoc
1717 2208 1830 2245 inter-

1117 2254 1245 2302 pretati
1266 2253 1407 2291 fuerunt
1428 2257 1521 2291 levar
1539 2258 1575 2292 la
1597 2261 1716 2294 tenda.
1739 2260 1828 2295 Tas-

1117 2305 1233 2341 sonius
1273 2306 1384 2342 noster
1428 2320 1578 2343 errorem
1625 2309 1826 2351 indicavit,

1098 2356 1265 2400 docens,
1292 2357 1345 2392 ibi
1372 2356 1539 2406 scripturn
1572 2359 1767 2401 Bislentare‚
1795 2361 1827 2397 i-

1115 2407 1193 2444 dem
1230 2418 1336 2454 atque
1372 2412 1537 2445 stentare.
1575 2412 1651 2459 Ego
1687 2424 1826 2459 quoque

1115 2458 1153 2494 in
1189 2457 1347 2494 editione
1389 2458 1543 2496 Villanii
1580 2463 1687 2497 Tom.
1725 2464 1823 2498 xm.

1116 2511 1196 2545 Rer.
1234 2508 1387 2546 Italicar.
1427 2511 1638 2548 auffioritate
1678 2512 1825 2549 Codicis

1116 2559 1285 2597 Recanati
1314 2573 1430 2598 veram
1455 2561 1644 2600 lefflionem
1669 2563 1822 2600 restitui.

1674 2625 1731 2669 Qu
1736 2635 1774 2659 a-
