2169 3047
433 185 511 227 591
780 171 1152 230 ANTJQUJT.
1192 171 1400 217 MEDJI
1434 173 1599 219 AEVI
1867 197 1947 239 592

578 302 1801 406 CATALOGUS

410 482 621 554 Aliquot
663 501 843 535 vocum
884 485 1187 544 Italicarum,
1226 502 1427 554 quarum
1469 490 1612 554 origo
1653 505 1735 541 aut
1774 492 1970 556 ignota,

898 562 979 612 aut
1020 561 1165 612 dubia
1206 561 1364 611 adhuc
1404 561 1494 611 est.

486 687 649 724 Ccivire.
678 691 760 725 Vox
789 689 992 739 antiquata.

537 742 754 776 Accoccare.

375 788 519 825 Addare
536 804 598 836 pro
614 791 799 833 Avvederst
812 820 820 834 ‚
835 794 1040 841 Amorgerfi:
1056 808 1143 842 quae

429 852 502 876 vox
532 841 770 886 Florentinis,
796 844 829 878 ὅ(
858 845 1038 894 praecipue
1059 848 1143 882 Mu-

426 890 617 927 tinenfibus
639 906 676 927 ac
701 893 1019 932 Mediolanensibus
1041 896 1143 933 fami-

429 941 529 977 liaris
557 942 626 979 est.
665 943 830 980 Fortaffis
866 959 908 982 ex
937 948 1143 992 Avvederfi,

429 993 621 1035 Avvedarfi
648 1007 687 1029 ac
716 995 856 1032 tandem
885 999 1034 1040 Addarsi
1067 1012 1143 1034 cor·

429 1054 573 1091 ruptum
602 1045 739 1094 erupit.

375 1094 597 1142 Aguzzino.
641 1097 698 1130 Ab
741 1095 937 1143 Hispanico
977 1099 1144 1145 Alguazil

429 1143 519 1179 hanc
540 1144 682 1180 deducit
703 1146 889 1182 Tassonius
910 1150 955 1184 V.
976 1147 1035 1184 Cl.
1058 1148 1140 1185 Mu-

428 1193 571 1229 tinensis
601 1194 637 1230 in
669 1195 777 1232 Notis
815 1198 930 1234 Mstis
958 1199 999 1235 ad
1028 1202 1142 1236 Voca—

430 1245 491 1280 bul
519 1245 639 1281 crusc.

376 1296 603 1343 Aguzzetta,
633 1310 703 1333 vox
731 1298 908 1336 obsoleta.

378 1346 559 1395 Albagia.
602 1347 794 1383 Arabicum
833 1363 960 1386 nomen
1002 1350 1144 1387 videtur

432 1397 478 1432 ob
505 1398 558 1433 ,Al
585 1398 657 1446 ejus
685 1398 799 1445 gentis
837 1400 1047 1450 articulum3
1088 1401 1142 1437 sed

431 1448 570 1483 nullum
625 1447 806 1496 vestigium
856 1451 966 1487 adhuc
1007 1451 1142 1501 reperi.

430 1497 652 1533 Mutinenses
680 1498 803 1534 dicunt
830 1502 990 1544 Albasia.

374 1549 464 1584 'Alla
492 1547 641 1583 rinfusa.
669 1549 728 1583 Ab
755 1551 946 1596 Reinfusus.
968 1553 1030 1588 Sed
1057 1567 1144 1601 quo—

429 1598 535 1634 modo
566 1598 638 1634 vim
668 1600 765 1635 vocis
791 1602 944 1647 Confusus
971 1603 1140 1652 suscepit?

372 1649 517 1685 Aloco.
546 1651 666 1686 Multa
694 1650 734 1686 de
763 1651 830 1688 'noc
866 1653 1010 1690 nomine
1038 1654 1142 1691 habet

426 1699 640 1749 Menagius,
674 1700 727 1736 sed
769 1704 866 1751 plura
905 1704 1038 1741 Uliffes
1074 1707 1142 1741 Al-

427 1751 648 1787 drovandus.
671 1754 843 1790 Attamen
864 1756 1006 1793 obscura
1032 1757 1142 1793 adhuc

428 1801 570 1837 videtur
598 1802 696 1838 vocis
724 1806 850 1854 origo·

375 1851 589 1888 Ambastia.
617 1853 737 1889 Animi
763 1870 880 1902 angor,
907 1859 1101 1905 deliquium.

377 1903 630 1943 Ambasciata,
663 1906 949 1944 Ambasciatore.
988 1909 1063 1945 Nifi
1102 1909 1142 1946 fit

429 1967 474 1989 ex
514 1954 689 1997 Arabim,
724 1971 766 1993 ex
804 1960 1016 1995 Germanico
1053 1960 1142 1996 erit.

427 2006 471 2040 In
511 2006 604 2054 Lege
632 2008 741 2043 salica
783 2009 937 2046 occurrit
968 2012 1143 2053 Ambascia

431 2057 620 2092 Dominica.
636 2059 865 2104 Abbasciatum
882 2060 976 2108 (Du—
987 2062 1143 2110 Cangius
1185 2059 1219 2093 D

431 2106 547 2150 legere
575 2110 712 2144 mavult
735 2112 1000 2158 Ambasciatum)
1030 2117 1142 2147 Reme-

429 2157 482 2190 dii
510 2158 658 2203 Episcopi
695 2160 824 2207 legitur
853 2161 889 2196 in
920 2162 1025 2207 Epist.
1055 2165 1141 2198 Pau—

429 2206 459 2241 li
490 2207 515 2240 1.
543 2208 654 2254 Papae
683 2208 718 2244 in
747 2208 883 2246 Codice
910 2211 1031 2248 Carol.
1060 2214 1141 2249 circ.

429 2257 576 2292 Annum
613 2258 701 2294 Chr.
732 2263 815 2306 758.
848 2262 1028 2298 Hichefius
1066 2264 1141 2300 ani-

429 2307 643 2348 madvertit,
667 2311 864 2356 Legationem
886 2326 903 2348 a
925 2314 1140 2351 Nloeso-Go—

431 2357 503 2393 this
532 2360 699 2407 appellari
727 2363 894 2409 Ambyth.

378 2408 560 2446 'Anfanare
572 2437 580 2446 .

381 2461 609 2548 APfffltgit?
617 2463 770 2548 ppalltiaf?
783 2491 790 2498 .
808 2464 944 2499 Paflben
954 2467 1140 2552 ‘Geirmfanip

432 2525 482 2599 {et
500 2526 682 2612 aApp255o-'
708 2525 927 2615 Λὲἕῖεῗνῖῗῖ
938 2530 1122 2616 :Zopizltgrie
1133 2595 1141 2605 .

1179 695 1214 730 A
1251 691 1463 741 Appiattarfi
1475 718 1484 728 .

1248 744 1438 791 Arcolaj0.

1248 793 1482 852 Ardiglione.
1519 793 1655 831 Mutin.
1685 795 1720 831 δε
1755 795 1908 833 Mediol.
1935 800 2008 834 Ar·

1248 849 1389 931 Arciitioan?
1399 872 1605 930 'alvearium
1616 922 1625 931 .

1249 947 1464 990 Arzanene,
1492 948 1525 981 ὃ(
1556 949 1656 995 Voga
1684 947 1878 984 Arraneata
1895 976 1904 985 .

1249 998 1442 1045 Artogere.
1473 996 1558 1032 Idest
1593 999 1745 1034 Addere.
1784 998 2010 1035 Florentino—

1299 1060 1374 1082 rum
1406 1048 1550 1083 verbum
1569 1074 1579 1092 ,
1607 1057 1711 1096 atque
1747 1048 1837 1085 illud
1874 1049 2012 1087 obsole-

1299 1106 1375 1131 tum
1393 1124 1402 1132 .

1251 1147 1489 1196 Arzigogolo.

1249 1197 1457 1245 Attignere.
1486 1201 1514 1233 E
1552 1198 1686 1235 Latino
1713 1200 1906 1247 Attingere.
1945 1203 2009 1237 Sed

1299 1262 1367 1296 qua
1387 1249 1523 1284 ratione
1543 1263 1634 1285 nunc
1656 1249 1826 1298 fignificat
1843 1252 2010 1286 Haurire?

1250 1300 1437 1334 Attutare.
1468 1300 1615 1335 Receffit
1645 1301 1686 1335 ab
1714 1301 1796 1336 usu.

1252 1350 1481 1385 Avvenente.
1510 1351 1628 1395 Quare
1657 1351 1699 1385 ab
1726 1352 1949 1387 Adveniens?

1251 1448 1459 1485 Babbuino.
1501 1449 1630 1486 Simiae
1672 1464 1777 1499 genus
1794 1478 1802 1487 .
1846 1454 2009 1489 Furtaffis

1302 1501 1343 1535 ab
1372 1500 1548 1537 Arabico.

1252 1552 1344 1587 Baco
1372 1550 1414 1586 da
1442 1553 1541 1587 Seta-

1252 1602 1468 1638 Badalucco.

1251 1653 1437 1702 Bagaglie.
1466 1654 1559 1690 Gall.
1587 1657 1737 1702 Bagage.
1768 1654 1914 1703 Hispan.
1942 1659 2012 1692 Ba-

1325 1720 1342 1738 a
1367 1718 1400 1739 C.

1251 1718 1432 1802 Βεξοζάο.
1471 1755 1564 1791 Vide
1603 1754 1858 1804 Du—Cangium
1895 1756 1937 1792 ad
1975 1771 2006 1793 v.

1301 1804 1528 1840 Bobordicum.

1251 1856 1404 1898 Baleno,
1433 1856 1620 1891 Balenare.

1252 1906 1423 1946 Balordo,
1452 1905 1668 1943 Sbalordire.

1254 1959 1425 1994 Balzano.

1253 2011 1418 2051 Baratto,
1447 2009 1647 2044 Bai-attare.

1255 2060 1426 2096 Barbuta.
1453 2060 1583 2096 Latine
1610 2060 1731 2097 Galea.

1254 2110 1444 2147 Bardotto.

1255 2161 1413 2198 Baruffa.

1255 2211 1365 2249 Balire
1407 2225 1468 2260 pro
1504 2213 1660 2259 Spiritum
1697 2214 1858 2250 exhalare.
1896 2213 2012 2249 Muti-

1304 2262 1422 2299 nenses
1463 2263 1587 2304 Sbasire
1627 2263 1790 2314 usurpant
1832 2263 2010 2300 transitive

1305 2328 1366 2358 pro
1394 2313 1550 2350 Occidere.

1254 2365 1372 2401 Basto.
1400 2365 1568 2400 Clitellae.
1596 2365 1722 2402 Adhuc
1748 2364 1889 2401 obscura
1913 2364 2012 2402 vide-

1304 2425 1361 2452 tur
1388 2416 1486 2451 vocis
1513 2415 1633 2465 origo.

1254 2466 1439 2502 Bazzicare
1456 2493 1464 2501 .

1254 2518 1418 2565 Beccajo.
1441 2515 1590 2552 Lanius.
1611 2516 1728 2560 Quare
1748 2515 1834 2551 Itali
1856 2517 1887 2551 &
1912 2516 2010 2553 Galli

1306 2569 1347 2603 ab
1376 2567 1484 2603 Hircis
1518 2565 1673 2612 Lanios,
1700 2567 1734 2601 δε
1771 2568 1939 2602 ,Ba-:heria
1971 2569 2012 2603 ab

1883 2618 1964 2653 Hir-
