2169 3047
367 206 476 247 1035

713 189 1080 248 ANTIQUIT.
1120 188 1329 232 MEDII
1364 191 1522 237 AEVI

1757 212 1867 256 1036

357 263 377 285 a
403 249 547 286 Gallico
569 253 746 285 Retrouver
771 248 917 286 sumfiffe
945 249 1066 286 viden-
1097 248 1135 284 A
1172 250 1308 287 Tuorlo.
1345 251 1502 297 Vitellus,
1529 267 1604 301 pars
1640 257 1740 293 rubra
1778 262 1861 296 ovi.
1888 264 1924 298 A

355 309 413 337 tur
430 329 440 338 .

308 353 442 389 Trucco.
472 351 567 390 Ludi
602 365 709 401 genus
741 351 830 400 apud
869 352 999 396 Italos,
1027 351 1066 388 in

358 418 428 453 quo
457 403 555 453 super
589 403 708 439 tabula
739 415 854 451 panno
890 402 1004 446 teEia,
1030 404 1064 438 &

357 455 497 505 spondis
522 453 771 496 circumclusa,
797 453 880 500 pilis
906 454 1065 490 eburneis

356 507 510 544 luditur.
534 505 667 540 Billard
689 518 707 539 a
731 504 846 539 Gallis
871 506 1066 552 appellatur

356 571 478 607 parum
515 555 659 602 disparis
697 555 824 602 speciei
856 555 1000 598 Ludus,
1028 569 1063 590 a-

354 609 426 658 pud
453 621 539 655 quos
567 608 655 641 Bille
681 606 726 643 est
760 606 859 650 Pila,
887 607 977 642 unde
1004 619 1063 642 ve-

354 659 412 696 nit
438 658 531 695 idem
560 672 708 696 nomen.
734 659 774 692 In
800 657 860 693 usu
885 658 929 692 est
956 657 1062 692 etiam

354 708 458 745 nobis
479 709 505 743 il
528 713 641 744 Trucco
665 711 709 744 da
728 712 848 753 Terra,
871 708 968 756 cujus
992 707 1062 743 for·
1103 702 1131 737 Β

353 759 448 795 taffis
484 759 648 796 inventio
685 761 828 796 alteram
865 757 1062 808 praeceffit.

353 810 452 847 Huic
480 820 595 847 autem
626 811 730 848 Ludo
767 812 930 860 juventus
959 810 1059 846 robu-

353 860 437 897 stior
463 876 602 910 operam
631 863 806 899 interdum
844 862 924 898 dare
955 861 1063 900 solet,

353 912 489 961 ligneas
511 924 661 962 quatuor
687 915 774 963 pilas
800 915 892 950 mole
917 926 955 948 ac
977 925 1055 957 pon·

355 962 434 999 dere
463 978 582 1010 graves
611 979 670 1006 per
706 965 852 1001 ferreum
893 963 1061 999 mobilem

353 1013 558 1058 circulum,
599 1016 697 1053 humi
744 1016 893 1052 infixum
918 1044 927 1056 ,
971 1013 1062 1061 ᾓεθίυ

353 1064 537 1114 trajicere,
558 1066 612 1103 seu
635 1069 811 1104 traducere
835 1066 1063 1102 contendens.

352 1118 430 1164 Ego
472 1117 514 1151 ab
557 1118 752 1158 Hispanico
798 1123 913 1152 Trocar
931 1145 939 1159 ‚
983 1116 1064 1152 idest

351 1167 541 1206 cambiare,
576 1172 775 1207 Permutare,
805 1169 906 1203 nobis
947 1170 1064 1201 Barat-
1094 1153 1129 1191 C

352 1229 441 1257 tare,
461 1217 494 1250 8(
523 1217 564 1250 εὖ)
592 1219 746 1266 Anglico
767 1230 797 1251 to
823 1219 948 1259 Truck,
971 1217 1062 1263 quod

351 1268 444 1303 idem
485 1266 677 1311 fignificat,
709 1268 919 1300 deduxissem
964 1266 1061 1297 Irali-

352 1328 432 1351 cum
461 1317 597 1353 Trucw,
621 1315 713 1361 quod
744 1316 900 1349 ludentes
926 1312 1063 1357 pulsan-

353 1367 398 1401 do
430 1364 535 1413 pilam
575 1364 783 1403 adversarii.
813 1364 976 1410 suamque
1013 1362 1064 1397 ibi

350 1419 529 1454 locantes,
553 1417 668 1451 locum
693 1416 841 1461 pilarum
869 1413 964 1450 saeoe
989 1427 1062 1449 mu-

351 1476 452 1504 tant.
491 1466 553 1501 Sed
583 1466 801 1502 covaruvias
840 1466 877 1501 in
907 1464 1059 1500 Thesau-

352 1532 392 1555 ro
431 1517 589 1563 Linguae
629 1517 862 1554 Hisnanicae.
892 1524 1063 1550 recentem

353 1568 442 1615 apud
473 1566 669 1611 Hiffiwos,
698 1566 735 1604 ὃ(
765 1582 807 1604 ex
847 1566 950 1602 Italia
980 1565 1091 1602 illucy

353 1618 536 1655 adveRum
577 1619 715 1654 Ludum
757 1619 848 1654 hunc
889 1618 1063 1666 appellat:

353 1673 405 1707 De
430 1681 515 1714 peras
541 1683 637 1704 annos
663 1669 834 1716 (inquit)
858 1684 876 1702 a
905 1669 966 1710 ella
992 1680 1064 1715 par-

353 1731 385 1756 te
406 1721 439 1765 se
466 1721 506 1754 ba
535 1722 739 1766 entvoduzido
777 1735 813 1754 en
845 1721 1018 1765 Efpanna,
1045 1733 1068 1764 y

353 1772 474 1814 ruxose
494 1773 532 1804 de
556 1772 671 1807 Italia.
695 1771 858 1817 Baileyus
885 1773 968 1806 verb
999 1773 1065 1804 Qn-

354 1823 431 1871 glus
455 1821 565 1858 lusum
590 1837 607 1858 a
630 1822 696 1859 suis
720 1832 955 1863 nuncupatum
983 1825 1060 1855 Tru-

355 1874 406 1910 :ks
434 1875 589 1922 appellat
616 1888 658 1909 an
688 1875 807 1909 Italian
838 1877 956 1909 Game.
986 1871 1068 1907 idest

356 1927 484 1960 Ludum
514 1925 675 1960 Italicum.
710 1927 827 1970 Quare
856 1938 924 1959 non
954 1924 994 1958 ab
1023 1923 1067 1958 iis

357 1988 445 2018 nos,
473 1975 528 2010 sed
565 1976 591 2012 ii
620 1990 637 2012 a
673 1975 773 2011 nobis
811 1975 974 2017 accepisse
1012 1975 1066 2009 vi-

359 2034 512 2070 dentur.
553 2036 583 2069 A
625 2038 758 2071 Graeco
799 2028 963 2081 Tpe'ym,
1000 2034 1067 2069 five
1106 2054 1135 2087 E

359 2086 538 2140 Τρόχος,
582 2092 795 2139 significante
837 2097 990 2134 Currere,
1029 2093 1093 2138 ἃ,

357 2144 512 2184 Cursum,
536 2142 685 2178 deduxit
709 2143 906 2178 Minshew:
937 2144 989 2178 sed
1016 2145 1064 2178 la·
1091 2150 1093 2179 1

356 2194 451 2233 tior,
480 2195 583 2233 quam
622 2207 681 2239 par
708 2193 768 2231 fit,
800 2193 972 2237 Analogia
1010 2194 1065 2228 vi-

357 2245 476 2280 detur.
495 2244 660 2278 Germani
685 2257 822 2291 quoque
843 2244 968 2278 habent
985 2248 1062 2278 Τνο-
1089 2237 1092 2291 1

356 2296 422 2335 ck:
450 2295 567 2329 verum
607 2292 642 2329 δ(
672 2293 762 2330 iosos
798 2308 815 2329 a
845 2294 943 2329 nobis
972 2295 1064 2329 didi·
1089 2298 1091 2316 ¹

357 2345 438 2382 ciffe
462 2344 607 2380 ooinor.
633 2347 751 2390 Quum
778 2354 892 2379 tamen
919 2346 951 2380 &
978 2347 1062 2379 Gal·
1089 2324 1092 2355 ι

357 2397 427 2432 lica
467 2396 603 2444 Lingua
639 2395 761 2431 habeat
797 2399 953 2433 Treoua,
983 2396 1064 2431 {dest

358 2451 561 2486 Pevmutare,
590 2445 626 2482 &
661 2447 787 2488 Troch:
816 2445 887 2481 veri
927 2446 1065 2482 videtur
1089 2466 1090 2482 1

356 2497 491 2539 finde.
521 2497 678 2534 Italicam
716 2507 878 2545 gentem.
908 2496 946 2531 ad
986 2511 1063 2532 eum
1088 2488 1091 2523 ff

357 2549 497 2584 Ludum
536 2547 800 2597 designandum.
837 2547 928 2582 usam
968 2548 1065 2584 fuifl‘e
1137 2572 1146 2627 Ι

359 2608 417 2634 aut
441 2599 660 2648 Hispanico,
686 2609 746 2636 aut
772 2599 913 2635 Gallico
942 2599 1068 2635 verbo.

1221 305 1344 345 Torus,
1377 301 1591 344 significante
1626 307 1759 356 aliquid
1796 314 1924 346 Rotun-

1220 353 1315 393 dum,
1356 354 1445 390 unde
1490 357 1644 399 Torulus,
1685 359 1793 395 trahit
1836 361 1925 398 hane

1221 415 1344 439 vocem
1368 404 1574 454 Menagius.
1596 408 1696 443 Hanc
1721 411 1797 444 Turi
1821 411 1924 459 figni-

1221 452 1423 491 ficationem
1457 468 1635 502 nunquam
1671 457 1733 492 ine
1771 460 1925 498 ostendat

1221 505 1310 552 apud
1338 517 1470 541 veteres
1506 505 1677 546 Latinos,
1706 520 1807 555 penes
1840 523 1925 557 quos

1220 554 1327 591 etiam
1353 556 1487 589 Torulus
1513 556 1604 592 nihil
1630 559 1724 593 aliud
1749 558 1842 601 fuit,
1863 561 1926 596 nist
1969 601 1977 605 q

1219 606 1416 650 funiculus,
1443 615 1502 641 aut
1524 607 1658 654 aliquid
1686 610 1785 657 plane
1809 609 1927 646 diver-

1219 655 1292 690 sum
1315 656 1356 691 ab
1376 669 1417 691 eo
1431 685 1438 697 ,
1461 657 1552 704 quod
1574 658 1758 695 arbitratus
1780 659 1824 694 est
1844 659 1926 696 Me-

1219 705 1357 753 nagius.
1398 707 1552 742 Videant
1589 709 1750 753 Eruditi,
1778 724 1861 746 num
1890 725 1928 746 a-

1219 756 1334 804 liquid
1363 756 1517 792 conferre
1543 757 1645 800 poffir
1671 761 1711 795 ad
1735 761 1837 808 hujus
1863 775 1926 797 vo-

1220 806 1270 842 cis
1306 806 1479 855 originem
1514 810 1765 846 Mutinenfiurn
1808 811 1927 848 Diale-

1219 857 1315 893 δὶυς.
1346 858 1552 894 Latinorum
1592 863 1714 894 Tamus
1746 864 1834 910 apud
1863 875 1926 898 nos

1218 907 1325 944 evafit
1362 909 1473 948 Torta,
1505 913 1541 943 N
1588 912 1754 948 conJerso
1791 913 1826 948 in
1866 917 1927 952 L.‚

1219 958 1272 994 uti
1300 957 1336 994 in
1366 960 1508 1004 Bologna
1535 974 1552 995 e
1582 963 1743 1002 Bononia,
1768 963 1805 998 in
1833 966 1928 998 Gim-

1217 1010 1301 1044 lamo
1336 1023 1379 1046 ex
1409 1013 1616 1058 Hteronymus
1652 1014 1723 1053 &aa
1755 1014 1928 1049 Animad-

1218 1069 1358 1096 vertant
1395 1060 1526 1102 etiam.
1554 1076 1595 1097 an
1633 1063 1811 1099 G211icurn
1844 1068 1929 1098 Tour

1218 1109 1408 1158 quidquam
1438 1110 1595 1149 conferre
1625 1113 1724 1157 poffit
1756 1115 1796 1150 ad
1825 1114 1925 1163 hujus

1218 1161 1316 1196 vocis
1342 1161 1535 1208 originem.
1567 1164 1685 1202 Mihi,
1713 1165 1844 1202 fateor,
1871 1165 1929 1200 ni-

1217 1209 1270 1244 hil
1307 1210 1482 1254 occurrst,
1512 1212 1604 1258 quod
1644 1213 1695 1246 vel
1736 1214 1849 1248 levem
1886 1213 1928 1248 fi-

1218 1260 1460 1291 militudinem
1490 1261 1563 1291 veri
1593 1273 1670 1305 prae
1699 1261 1732 1293 se
1758 1262 1867 1297 ferat.

1497 1356 1595 1449 V

1272 1513 1363 1549 Ago.
1391 1509 1554 1556 Cupidu5‚
1578 1515 1734 1552 Amator,
1757 1514 1925 1557 Venustus.

1295 1560 1483 1609 Menagius
1508 1562 1539 1597 δε
1570 1564 1744 1600 Ferrarius
1769 1566 1810 1599 ab
1833 1566 1928 1601 Avi-

1218 1615 1277 1645 dus
1302 1611 1389 1647 hanc
1412 1625 1531 1647 vocem
1559 1623 1701 1661 petunt.
1726 1617 1824 1650 Toto
1850 1629 1927 1652 cae-

1218 1663 1255 1697 lo
1293 1662 1395 1698 unius
1435 1659 1534 1699 sonus
1576 1665 1618 1700 ab
1651 1666 1761 1700 altero
1796 1666 1925 1702 distat.

1218 1715 1264 1747 Et
1289 1713 1448 1760 quisnam
1475 1714 1670 1761 acquiescat
1693 1715 1925 1764 Menagianae

1219 1763 1435 1812 phantasiae,
1474 1764 1561 1799 hanc
1599 1780 1659 1810 pro
1689 1766 1748 1802 suo
1777 1766 1925 1802 arbitrio

1221 1813 1513 1859 metamorphosin
1540 1816 1635 1850 vocis
1660 1816 1796 1850 Avidus
1823 1816 1926 1852 indu-

1221 1864 1337 1901 centi?
1375 1866 1532 1905 Avidus,
1568 1866 1753 1905 Avidicus,
1789 1867 1925 1901 Avadi.

1222 1930 1293 1955 cus,
1326 1916 1480 1958 Vadicus,
1511 1919 1630 1958 Varus,
1662 1919 1788 1960 Vagus,
1821 1919 1926 1964 Vaga.

1223 1967 1280 2002 Ad
1318 1967 1400 2002 haec
1438 1966 1603 2002 habemus
1633 1968 1829 2010 Vaghezza‚
1859 1981 1926 2015 qua

1224 2017 1436 2065 fignificatur
1471 2018 1643 2062 Elegantia
1680 2016 1716 2052 &
1757 2019 1927 2064 Venustus,

1223 2069 1275 2104 uti
1306 2067 1342 2104 &
1384 2071 1467 2115 Vaga
1504 2082 1564 2115 pro
1597 2070 1732 2113 Elegans
1759 2069 1792 2103 ἃ
1825 2071 1928 2103 Venu-

1216 2121 1307 2162 stus.
1348 2122 1441 2155 Num
1481 2119 1563 2155 haec
1599 2119 1717 2154 omnia
1755 2132 1796 2155 ex
1833 2120 1928 2155 Avi-

1223 2173 1311 2206 dus?
1339 2171 1521 2206 Nonnulla
1550 2170 1626 2205 sunt
1654 2169 1818 2213 nomina,
1840 2183 1927 2217 quo-

1225 2235 1300 2259 rum
1329 2222 1429 2262 oriqo
1458 2235 1519 2256 nos
1557 2222 1657 2264 plane
1687 2219 1796 2268 fugiat
1824 2234 1928 2265 opor-

1224 2283 1299 2321 tet3
1327 2273 1419 2308 casus
1439 2273 1530 2307 enim
1559 2271 1657 2306 nobis
1682 2270 1844 2319 ignotus,
1869 2281 1928 2309 aut

1225 2324 1437 2359 consuerudo
1466 2322 1560 2363 vulgi
1591 2336 1628 2357 ea
1666 2321 1817 2367 peperit.
1853 2325 1927 2358 Cur

1224 2388 1306 2412 erpo
1337 2374 1501 2410 Latinum
1537 2376 1640 2414 Vagus
1667 2382 1722 2407 tot
1754 2373 1795 2407 ab
1831 2372 1924 2407 insti-

1225 2425 1364 2461 tutione
1396 2424 1451 2459 sua
1479 2423 1628 2459 diversas
1658 2421 1922 2472 fignificationes

1225 2476 1313 2512 anud
1342 2475 1449 2511 Italos
1488 2474 1681 2517 posterioris
1716 2470 1791 2506 aevi
1829 2482 1925 2504 acce-

1224 2526 1343 2577 perit,
1385 2525 1544 2562 divinare
1587 2522 1737 2559 nimium
1778 2518 1923 2558 difficile

1810 2588 1875 2626 est.
