2169 3047
390 232 470 272 359
713 212 1115 273 ANTIQUJT.
1159 212 1393 256 Mens]
1439 214 1623 258 AEVJ
1816 225 1896 273 3⁶0

322 274 438 320 foret,
476 274 517 310 ad
560 274 680 310 Sedem
726 275 967 311 Placentinam
1005 286 1086 309 eve·
1119 274 1154 309 A
1189 272 1332 309 statuit:
1364 275 1414 308 De
1431 274 1633 317 Judicibus‚
1670 287 1707 310 ut
1748 276 1955 322 inquiratur,

323 325 426 367 ἓως,
467 326 615 361 titulum
659 324 722 360 fibi
763 324 1002 369 Archiepiscopi
1043 324 1084 359 ab

323 376 530 424 Apostolica
558 376 641 411 Sede
670 375 738 411 suis
766 376 899 411 artibus
922 374 1083 413 corrasit,

322 439 472 474 eumque
493 426 662 469 retinuit,
689 426 866 474 quousque
890 429 1082 461 Romanam

320 477 537 513 Cathedram
578 475 705 512 invafit
746 479 854 512 Anno
899 476 1082 512 DCCCC-

321 530 475 564 XCVII.
503 536 542 563 ut
569 526 726 563 Historia
762 526 995 562 Ecclefiastica
1023 526 1081 561 ha-

321 580 407 614 bet.
435 577 713 614 Animadvertas
741 577 849 612 etiam
880 577 988 612 velim
1019 580 1083 611 Pa-

322 630 460 672 latium,
487 630 568 675 quod
594 628 669 662 elim
688 627 854 668 construere
879 626 967 671 iuffit
988 630 1082 662 Dom-

321 692 383 713 nus
411 683 509 713 Hotto
536 681 705 723 Imperator
745 677 783 713 in
820 676 985 712 suburbio
1015 679 1081 711 Ra—
1106 660 1110 712 Ι

319 741 481 773 vennae,
520 730 554 764 8<
593 728 770 764 Placitum
798 726 864 763 hoc
892 727 931 763 in
958 726 1080 762 eodem
1105 713 1145 759 ¹ss

323 781 407 815 'loco
434 779 597 816 habitum
635 778 733 814 fuisse
774 778 906 823 juffione
943 780 1083 813 Domnae

318 831 514 877 ‘Theophana
550 830 754 876 Imperatris,
797 839 837 863 ut
875 829 1082 876 intelligas,

321 880 483 927 quisnam
526 888 611 916 tunc
650 880 763 915 eidem
813 879 901 914 Urbi
918 903 928 917 ,
978 889 1082 926 atque

321 929 539 967 Exarchatui
591 929 832 966 dominaretur
852 956 861 965 .
905 930 1083 964 Tenemus

323 996 427 1031 ergo,
465 981 568 1030 quale
596 990 679 1016 tunc
707 980 813 1016 fuerit
841 981 879 1016 in
906 979 1083 1027 agitandis

323 1033 444 1068 cauffis
467 1031 647 1083 publicum
670 1031 901 1067 Auditorium
927 1031 962 1065 3<
983 1028 1083 1065 Con-

323 1082 461 1123 filium,
489 1096 531 1118 ne
558 1082 662 1118 facile
692 1081 883 1125 Praesides,
926 1082 1084 1116 volentes

324 1142 385 1169 aut
413 1134 597 1176 nolentes,
634 1131 769 1179 iniquis
797 1130 980 1167 sententiis
1009 1131 1081 1166 cui-

322 1197 428 1232 quam
456 1184 659 1219 officerent.
686 1184 741 1218 Ex
770 1181 824 1217 his
843 1181 980 1216 Placitis
1003 1194 1083 1216 ena—
1120 1184 1152 1218 C

321 1244 360 1270 ta
401 1247 471 1270 vox
512 1234 698 1277 Placitare,
740 1245 846 1280 quam
884 1231 1009 1267 Franci
1046 1231 1083 1266 in

322 1285 455 1320 Plaider
496 1284 697 1320 conversam
743 1283 922 1326 retinent,
975 1281 1084 1317 Tusci

323 1337 479 1384 'italique
505 1336 594 1371 olim
623 1342 872 1370 converterunt
909 1334 948 1368 in
975 1332 1084 1368 Piati-

321 1399 355 1420 re
381 1385 419 1422 &
447 1386 541 1422 Piato
570 1399 630 1433 pro
666 1384 768 1420 litem
797 1384 930 1433 agitare
967 1395 1083 1419 coram

321 1436 470 1479 Judice.
508 1438 605 1472 Ante
633 1435 752 1470 omnia
782 1437 865 1471 vero
895 1446 1083 1482 pauperum

321 1487 452 1523 caussas
479 1486 642 1535 expedire
678 1484 814 1528 Judices
852 1485 1084 1531 jubebantur,

319 1549 426 1584 quam
454 1537 491 1573 in
519 1549 591 1572 rem
613 1535 802 1571 audiendus
830 1534 981 1570 Carolus
1004 1536 1083 1570 Ma-

319 1601 406 1636 gnus
435 1587 473 1623 in
510 1589 605 1636 Lege
636 1589 696 1631 58.
723 1585 946 1633 Langobard.
986 1597 1082 1632 prae-

319 1638 475 1685 cipiens:
522 1641 564 1672 Ut
603 1637 739 1671 Comites
763 1636 900 1683 pleniter
920 1634 1084 1681 justitiam
1120 1636 1155 1670 D

318 1689 486 1735 diligant,
534 1687 580 1726 φ’
622 1687 719 1732 juxta
760 1687 846 1721 vires
887 1698 988 1720 eorum
1029 1699 1082 1720 ex-

315 1739 428 1782 pleant
456 1739 525 1772 &c.
552 1737 598 1775 &³
634 1749 670 1771 m
707 1737 859 1781 primitus
884 1737 929 1771 ad
952 1737 1083 1772 Placita

316 1802 419 1823 eorum
435 1815 445 1832 ,
490 1788 726 1834 Orphanorum,
775 1788 950 1822 Viduarum
973 1815 983 1831 ,
1030 1801 1082 1822 nec

318 1852 379 1873 non
407 1842 585 1882 Pauperum
612 1838 720 1882 causae
745 1837 955 1871 deliberentur
968 1851 990 1879 ‚⁶
1029 1851 1082 1872 nec

314 1899 440 1936 propter
465 1889 608 1935 aliquam
633 1887 854 1923 dilatationem
890 1900 991 1921 eorum
1024 1887 1080 1932 ju-

310 1939 405 1983 stitia
445 1953 466 1974 a
510 1937 687 1983 judicibus
737 1938 892 1972 dilatetur
920 1964 929 1973 .
982 1936 1078 1972 Idem

316 2003 457 2038 quoque
479 1986 654 2037 praecepit
674 1987 880 2025 Ludovicus
901 1987 984 2023 Pius
1002 1990 1077 2023 Au—

317 2040 429 2089 gustus
457 2041 553 2089 Lege
589 2039 773 2075 undecima
814 2038 908 2074 inter
934 2039 1076 2086 Lango—

317 2090 499 2139 bardicasg,
546 2089 685 2138 insuper
730 2089 932 2134 mandans,
972 2098 1012 2124 ut
1053 2088 1076 2123 si
1120 2087 1149 2121 E

316 2140 456 2189 quando
487 2138 807 2189 Paupereshabere
843 2152 914 2174 non
943 2140 1076 2187 possent

316 2192 393 2227 suae
434 2191 564 2226 caussae
593 2200 802 2236 patronum,
839 2198 905 2225 «aut
941 2191 1074 2237 Legem

315 2241 536 2291 ignorarint,
573 2239 705 2276 Comes
732 2252 852 2275 eorum
881 2239 1074 2275 neceffitati

315 2292 525 2329 succurreret
542 2317 552 2333 ‚
578 2292 685 2326 dando
710 2290 754 2324 eis
780 2292 875 2324 talem
901 2290 1073 2330 bominem,

314 2343 370 2391 qui
395 2355 496 2377 eorum
523 2343 674 2377 rationem
699 2350 824 2384 teneat,
861 2341 916 2375 vel
949 2352 1005 2384 pro
1030 2341 1074 2374 eis

314 2395 482 2440 loquatur.
510 2394 558 2428 Et
585 2405 627 2428 ne
654 2391 791 2435 Judices
817 2390 857 2425 in
885 2390 952 2426 suis
980 2391 1068 2438 judi-

313 2443 418 2484 eiiss
443 2452 613 2492 quantum
645 2441 720 2478 fieri
762 2441 892 2490 poss'et,
920 2451 980 2477 aut
1005 2440 1072 2476 fal-

311 2495 468 2530 lerentur
494 2502 555 2530 aut
582 2493 766 2536 fallerent,
808 2491 1000 2527 Lotharius
1043 2491 1069 2528 Ι.

312 2544 486 2594 Augustus
514 2546 609 2594 Lege
638 2541 860 2592 Langobard.
898 2554 960 2591 94.
988 2541 1073 2578 haec

1182 323 1215 365 fi
1240 324 1371 359 Nobiles
1412 326 1454 358 (9⁶
1491 327 1659 369 Sapientes
1700 328 1742 361 (9·
1779 330 1882 362 Deum
1908 327 1953 359 ti-

1190 386 1305 408 mentes
1346 374 1504 416 constituti
1535 376 1630 419 sint,
1671 378 1715 411 Θ·
1744 377 1881 423 jurent,
1922 385 1958 410 ut

1186 424 1281 469 juxta
1307 438 1408 459 eorum
1437 426 1684 473 intelligentiam
1711 428 1829 462 rechn
1862 426 1956 473 judi-

1190 486 1280 514 cent,
1327 480 1368 509 (θ’
1404 486 1460 519 pro
1500 479 1680 512 muneribus
1719 479 1774 513 vel
1813 478 1954 513 humana

1186 527 1297 571 grati-i
1317 526 1479 570 justitiam
1505 539 1565 561 non
1597 539 1784 574 pervertant
1810 543 1863 564 nec
1887 527 1955 572 dif-

1188 575 1293 632 ferant
1322 577 1389 610 &a
1418 577 1499 611 Hoc
1527 586 1642 612 autem
1666 579 1835 626 urgebant
1856 591 1956 627 prae-

1160 639 1163 660 ι
1193 638 1294 673 ωρυε
1324 625 1554 672 Imperatores
1582 625 1776 663 Carolinae
1817 628 1955 676 stirpis,

1191 675 1283 710 inter
1320 687 1406 722 quos
1448 676 1654 712 Ludovicus
1696 679 1741 713 11.
1777 680 1873 727 Lege
1914 691 1951 724 4.

1191 727 1528 773 Langobardorum,
1570 727 1653 763 haec
1681 727 1854 764 sancivit:
1900 731 1952 764 De

1189 839 1388 860 memoramus
1405 854 1415 871 ,
1451 829 1528 874 quia
1554 831 1676 863 omnino
1700 830 1953 874 consuetudinem

1187 876 1356 921 judicandi
1383 877 1497 922 injuste
1523 880 1699 922 judicibus
1738 879 1858 924 auferre
1893 893 1953 914 vo-

1189 928 1313 962 lumus.
1354 930 1419 962 Sed
1444 931 1570 963 tantiam
1605 930 1776 973 fteuna'itm
1813 931 1953 977 scriptu-

1190 990 1257 1012 ram
1281 977 1445 1022 judicent,
1487 979 1531 1013 θ’
1565 980 1749 1014 nullatenus
1779 980 1952 1025 secundam

1189 1028 1357 1063 arbitrium
1393 1030 1514 1073 suum.
1554 1031 1619 1064 sed
1655 1031 1779 1073 discant
1817 1031 1954 1077 pleniter

1189 1081 1323 1124 Legem.
1352 1081 1406 1113 En
1433 1080 1539 1126 quam
1568 1079 1682 1116 sans-ise
1705 1082 1850 1129 negotio
1874 1090 1954 1116 tan-

1161 1151 1164 1179 ι
1189 1129 1218 1164 ti
1248 1128 1420 1164 momenti
1450 1129 1670 1165 consulerent
1707 1132 1795 1166 olim
1834 1131 1952 1180 supre-

1189 1177 1239 1214 mi
1278 1179 1404 1214 Italiae
1434 1180 1637 1227 Principes.
1679 1181 1853 1228 Equidem
1893 1195 1950 1217 me

1161 1228 1258 1287 lnon
1288 1230 1467 1278 praebeam
1497 1231 1643 1274 vadem,
1686 1232 1823 1267 nullum
1861 1240 1948 1267 tunc

1188 1279 1287 1315 fuiffe
1334 1281 1492 1324 Judicem
1545 1281 1707 1317 humanis
1765 1281 1948 1318 affeffibus

1188 1340 1429 1378 praereptum,
1457 1331 1664 1376 indoEium,
1692 1331 1880 1380 iniquum.
1903 1335 1952 1367 E-

1187 1390 1269 1417 runt
1297 1381 1522 1430 hujusmodi,
1564 1382 1646 1417 dum
1685 1392 1853 1419 terrarum
1893 1397 1952 1419 or-

1187 1431 1241 1466 bis
1269 1431 1359 1467 erit.
1388 1434 1441 1467 At
1469 1431 1624 1478 proffflo
1652 1432 1791 1468 solicite
1819 1432 1950 1469 Caesa-

1187 1494 1239 1516 res
1267 1481 1295 1516 ii
1324 1483 1512 1526 curabant,
1540 1490 1579 1516 ut
1601 1483 1740 1529 quando
1763 1483 1853 1518 nulli
1881 1496 1953 1519 non

1188 1531 1254 1567 effe
1282 1540 1466 1580 poterant,
1507 1532 1614 1568 essent
1657 1532 1775 1568 saltem
1807 1534 1952 1580 paucio-

1189 1594 1271 1631 resg,
1310 1596 1349 1618 ac
1386 1582 1531 1630 proinde
1576 1583 1690 1618 Miffis
1720 1584 1839 1632 Regiis
1867 1598 1950 1620 cura

1190 1632 1406 1680 potissimum
1431 1633 1656 1669 incumbebat
1676 1635 1835 1678 Judices,
1863 1648 1950 1682 quos

1188 1683 1357 1720 meliores
1384 1684 1544 1720 invenire
1586 1694 1775 1732 poterant,
1817 1685 1953 1733 eligen-

1187 1733 1246 1777 di,
1275 1733 1465 1781 abjiciendi
1495 1738 1603 1776 vero,
1645 1749 1731 1782 quos
1770 1735 1949 1781 improbos

1187 1793 1247 1819 aut
1274 1783 1413 1831 ineptos
1440 1786 1655 1830 reperirent.
1687 1788 1761 1820 Nos
1790 1798 1828 1819 ea
1857 1795 1948 1819 tern-

1189 1848 1270 1883 pora
1298 1833 1432 1869 nonnifi
1462 1834 1591 1875 ferrea,
1621 1835 1783 1874 barbara,
1812 1834 1948 1870 inculta

1189 1895 1369 1933 putamus.
1412 1886 1520 1920 Erant
1556 1894 1640 1920 tunc
1681 1886 1816 1929 etiam,
1859 1898 1946 1932 quae

1188 1936 1327 1971 laudem
1357 1935 1477 1970 nestris
1507 1935 1724 1983 temporibus
1762 1949 1832 1971 non
1872 1936 1951 1971 vul-

1187 1999 1303 2034 garem
1334 1997 1567 2021 mererentur.
1596 1987 1764 2023 Ceterum
1792 1985 1951 2022 distimu-

1185 2037 1288 2072 landa
1316 2036 1463 2071 minime
1493 2038 1567 2072 Lex
1596 2037 1640 2072 est
1668 2051 1685 2072 a
1712 2035 1845 2072 Carolo
1868 2039 1949 2072 Ma-

1185 2100 1255 2134 gno
1283 2089 1525 2135 promulgata,
1565 2101 1652 2135 quae
1693 2087 1737 2122 est
1763 2101 1823 2134 42.
1854 2087 1947 2122 inter

1184 2138 1487 2185 Langobardicas.
1518 2138 1570 2173 Ibi
1599 2138 1776 2173 sancitur:
1818 2141 1856 2172 Ut
1877 2141 1947 2182 Ju-

1183 2189 1264 2222 dices
1288 2187 1395 2233 jejuni
1430 2188 1536 2232 caiisa-t
1572 2190 1708 2224 audiant
1749 2188 1793 2227 &⁴
1835 2190 1951 2233 discer-

1184 2249 1282 2273 nant.
1328 2238 1454 2274 Rursus
1491 2239 1533 2273 ab
1560 2240 1680 2274 eodem
1725 2239 1881 2288 Augusto
1908 2238 1945 2273 in

1184 2291 1279 2337 Lege
1306 2300 1364 2335 94.
1397 2290 1574 2325 decretum
1606 2291 1674 2330 est,
1702 2300 1741 2325 ur
1768 2304 1821 2324 nec
1840 2292 1947 2323 Comes

1183 2340 1341 2374 Placitum
1381 2341 1495 2375 habeat
1535 2340 1596 2381 nisi
1629 2340 1785 2386 jejunus.
1828 2340 1887 2374 An
1925 2351 1944 2372 a

1184 2390 1392 2425 Germanica
1428 2400 1557 2440 gente,
1600 2392 1696 2439 cujus
1739 2402 1814 2437 pars
1855 2387 1944 2423 olim

1182 2442 1306 2475 Franci
1336 2440 1452 2486 fuere,
1492 2442 1528 2476 in
1557 2441 1692 2476 Gallias
1719 2452 1857 2486 quoque
1885 2438 1943 2474 sua

1181 2490 1428 2527 dominatione
1457 2490 1642 2538 progreffi,
1673 2491 1805 2525 multus
1834 2489 1945 2524 honos

1181 2541 1382 2591 tempestate
1409 2541 1487 2591 *illa
1525 2542 1730 2585 haberetur,
1766 2539 1945 2586 nostraque

1782 2600 1891 2627 etiam

1185 775 1306 821 judicio
1331 787 1434 810 autem
1451 780 1482 821 J
1484 777 1581 812 udicis
1609 789 1675 813 tam
1698 779 1875 826 frequenter
1901 793 1961 813 ret-⁷
