2169 3047
225 232 302 271 153
542 205 908 249 DISSERTATAO
950 204 1408 249 ιηό-ἘεῘΜΑΝοΝΑ.
1656 226 1736 266 134

166 278 240 311 “ms
267 269 447 312 cerel-iare,
475 280 545 302 non
567 268 650 301 verb
670 264 834 299 Ciarlare.
864 267 921 300 Ab
960 271 993 303 A
1031 263 1103 300 stris
1132 264 1274 311 quidem
1304 263 1522 305 temporibus
1562 266 1709 304 dessiffi'
1739 285 1791 307 ep.

160 325 227 360 hoe
256 321 422 370 postremo
451 315 666 366 significante
694 318 839 350 Multum
875 317 920 348 lo-

161 375 235 422 qui,
262 372 418 407 Garrulus
446 371 478 404 ἃ
508 372 620 415 loquax
647 367 739 410 effe,
779 365 919 400 effluxit

161 425 367 460 Ciarlatano.
396 420 503 456 Unde
533 421 614 454 verb
635 419 747 452 Ciarla
771 417 803 451 &
826 420 918 450 Crar-

160 477 227 511 lare
255 484 374 509 natum
404 471 467 513 fir,
505 471 658 505 nondum
700 467 826 515 affequi
859 481 916 515 po—

160 526 240 562 tui.
271 524 344 560 Nisi
374 523 467 570 quod
496 521 607 556 menti
637 533 732 555 meae
759 518 920 554 obversa-

161 586 219 613 tur
249 575 426 611 dubitatio
463 573 604 620 aliqua,
640 584 722 606 num
766 583 805 605 ex
835 571 919 604 Gal—

161 628 233 662 lico
255 627 399 661 nomine
421 623 546 660 Caroli
567 621 694 670 Magni
716 621 799 656 idest
819 621 918 654 Char-

160 679 210 721 le,
248 675 413 712 derivaffe
449 675 538 709 olim
567 672 722 720 potuerit
749 674 918 725 marla-re,

161 729 201 763 ad
233 726 493 772 significandam
521 723 755 758 narrationem
785 722 826 755 de
849 725 917 755 La-

159 779 237 814 rolo
263 776 362 824 ipso.
395 778 485 811 Nam
514 775 696 822 pleraeque
732 771 819 807 olim
850 774 915 805 Ro-

159 827 336 864 manenses
365 826 536 868 Fabulae,
576 837 660 872 quas
702 823 738 857 in
768 823 918 869 plateis,

158 879 300 921 triviis,
337 879 370 913 &
408 879 447 912 ad
478 875 609 910 mensas
651 874 821 909 canebant
850 874 910 908 Hi-

158 930 300 965 striones
317 954 328 968 ,
355 928 616 964 Circulatores,
642 925 775 971 aliique
803 924 836 959 id
860 937 915 972 ge-

159 993 223 1015 nus
252 979 411 1014 homines
431 1007 438 1021 ,
477 977 650 1024 Populum
678 975 889 1010 obleffiaturi
907 1001 916 1017 ‚

160 1029 321 1065 fabulosis
349 1028 472 1065 Caroli
500 1026 647 1076 Magni,
684 1025 824 1073 ejusque
856 1027 915 1060 Pa-

157 1082 347 1116 latinorum
379 1082 565 1115 Procerum
593 1076 816 1111 constabant.
860 1077 916 1110 In—

157 1131 199 1166 de
227 1131 375 1165 manasse
405 1130 523 1177 potuit
549 1128 730 1171 ciarleria,
757 1140 825 1174 qua
854 1139 918 1162 vo-

159 1194 196 1217 ce
224 1181 300 1217 usus
328 1181 372 1216 est
412 1184 530 1215 Frater
564 1179 712 1223 Jacobus
748 1178 912 1213 Tuderti—

158 1245 247 1273 nus.
299 1230 510 1281 pervetustus
563 1229 706 1265 Italicae
756 1229 918 1276 Linguae

158 1284 343 1325 Scriptor.
388 1283 429 1318 ad
472 1280 711 1329 figmfirandas
757 1279 918 1315 inanium

157 1347 268 1368 rerum
301 1334 540 1369 narrationes.
580 1333 676 1367 Haec
704 1330 777 1375 ipsa
805 1331 848 1365 est
878 1330 915 1365 s1-

156 1382 340 1432 gnificatio
369 1383 468 1420 verbi
496 1384 660 1418 Ciauare.
697 1383 797 1416 Olim
834 1386 918 1417 vero

60 1476 74 1481 .‚
99 1451 101 1453 ·
156 1435 342 1468 ciarlazani
369 1435 562 1479 nuncupati
591 1432 743 1475 fuerint,
771 1433 831 1479 qui
854 1435 916 1468 Fa-

35 1480 60 1489 'l'
98 1478 111 1512 ⁸<
160 1484 257 1518 bulas
286 1485 440 1518 canendo
468 1492 529 1518 aut
555 1483 712 1530 agendo,
744 1484 917 1530 Populum

157 1534 197 1569 ad
228 1536 259 1569 se
287 1533 512 1576 afficiebant,
541 1542 580 1568 ut
609 1545 770 1567 nummos
798 1533 839 1567 ab
859 1546 919 1568 eo-

158 1597 235 1619 rum
267 1584 439 1619 crumenis
469 1594 542 1619 arte
571 1582 694 1618 blanda
715 1582 920 1618 educerent.

159 1635 393 1670 Dubitarioni
423 1635 504 1670 huic
533 1633 574 1669 fit
603 1634 705 1669 venia
731 1634 821 1680 apud
850 1636 921 1670 Le-

160 1684 273 1720 &ores
288 1713 296 1728 ‚
325 1699 433 1732 quum
461 1686 497 1719 in
520 1698 556 1719 re
576 1685 661 1718 adeo
682 1683 826 1718 abstrusa
852 1684 919 1719 cri-

157 1736 254 1770 mine
281 1745 395 1769 careat
418 1736 473 1769 vel
495 1736 589 1769 leves
609 1733 819 1780 suspiciones
841 1743 918 1779 pro-

160 1797 312 1833 ponere.
353 1790 474 1832 Atque
516 1784 592 1819 heic
635 1784 671 1818 in
713 1785 919 1819 memoriam

159 1848 273 1871 meam
302 1835 394 1871 redit
430 1836 552 1882 MaffEi
591 1836 682 1880 Vegii
720 1835 918 1879 Laudenfis,

160 1885 317 1921 hominis
345 1887 390 1921 ob
418 1886 650 1922 eruditionem
682 1884 774 1920 suam
797 1888 920 1921 Seculo

160 1935 293 1972 Christi
345 1939 422 1972 XV.
470 1936 711 1980 celeberrimi,
766 1938 919 1983 Dialogus

160 1989 336 2030 Verrtatt's,
379 2001 481 2035 quem
522 1987 559 2022 in
602 1987 830 2022 Ambrofiana
861 1988 919 2022 Bi-

160 2037 336 2073 bliotheca
379 2041 519 2074 MStum
565 2038 638 2072 vidi
657 2064 666 2073 .
712 2038 764 2073 lbi
809 2040 918 2073 collo-

161 2098 315 2134 quuntur
342 2089 480 2124 Veritas
508 2090 541 2124 8<
574 2088 825 2136 Philosophus.
854 2091 919 2124 llla

161 2142 245 2173 vero
266 2140 470 2183 contendit,
498 2139 530 2175 se
552 2141 689 2175 nullum
716 2139 805 2181 apud
827 2153 917 2175 mor-

163 2189 252 2223 tales
280 2189 395 2224 locum
423 2191 583 2226 invenire
612 2190 785 2239 potuiffe:
816 2202 920 2238 atque

161 2237 199 2273 in
228 2252 303 2273 eam
332 2253 403 2274 rem
433 2240 567 2284 adfert,
609 2255 697 2289 quae
738 2241 798 2276 fibi
828 2242 915 2277 acci-

162 2288 285 2323 derant
312 2290 402 2336 apud
444 2292 672 2333 Circulatores,
716 2292 890 2334 Hstriones
912 2320 920 2334 ,

161 2340 370 2381 ,Alebimtflas
387 2368 396 2383 ,
426 2341 642 2387 Philosopbos,
669 2345 825 2387 Judices‚
854 2347 916 2378 Ne-

158 2390 330 2436 gotiatores
357 2392 424 2425 &a
454 2391 651 2427 Innumeris
693 2404 807 2428 autem
838 2394 920 2428 aliis

162 2441 306 2483 modis,
347 2455 385 2476 ac
424 2441 659 2489 superstitiosis
707 2443 920 2491 potissimum

162 2492 325 2527 remediis
369 2492 565 2528 illudebant
605 2494 796 2530 nebulones
824 2495 922 2542 vulgi

165 2539 362 2591 infipientis
390 2543 614 2594 creduntati3
657 2545 752 2595 quod
790 2559 833 2583 ne
859 2558 923 2582 no—

1031 318 1167 350 nimus.
1210 316 1272 351 Sed
1310 317 1342 351 &
1373 316 1450 351 heic
1479 317 1665 355 audiendus
1696 324 1791 358 Bon-

1032 380 1242 414 compagnus
1291 367 1434 402 Italicus
1477 369 1653 415 Scriptor‚
1690 375 1788 421 cujus

1031 418 1178 452 Librum
1228 418 1370 453 Msrum
1415 420 1454 453 de
1492 422 1578 454 Ate
1603 422 1787 459 diffimmis

1029 468 1147 503 laudat
1177 470 1409 517 Du-cangius
1439 471 1474 504 in
1514 474 1718 516 Appenvlice
1746 475 1788 512 ad

1029 519 1174 554 Gloffar.
1206 521 1324 555 Latin.
1354 522 1446 554 Velut
1473 524 1712 566 Scurrffiqait,
1740 536 1789 560 ιο..

1027 580 1093 603 tam
1122 571 1250 605 Italiam
1278 572 1434 617 regiravit
1453 586 1518 607 cum
1538 575 1787 621 Cantatorizssus‚

1029 623 1070 654 (7
1106 632 1266 666 tamquam
1315 623 1447 656 eximius
1493 624 1719 660 Trufianorum
1754 628 1789 672 se

1021 669 1123 717 fingit
1150 670 1205 717 effe
1227 675 1385 707 Medicum
1403 673 1618 709 doc‘Linarum
1633 700 1642 715 ‚
1671 689 1706 712 ut
1722 678 1788 721 sor-

962 735 989 769 B
1028 723 1153 756 nicandi
1193 724 1234 756 <9⁴
1278 725 1484 759 adulterandi
1526 728 1789 773 opportunitatem

1027 774 1136 806 valeat
1164 773 1325 809 invenire.
1355 777 1644 825 Boncompagnus
1663 806 1672 819 ,
1710 778 1787 826 ipso

1030 822 1246 871 Du-Cangio
1264 825 1366 868 teste,
1388 825 1508 863 floruit
1530 830 1635 863 Anno
1657 831 1786 865 MCC-

1031 875 1126 908 xm.
1155 887 1258 920 quare
1287 878 1383 911 nulla
1404 877 1582 913 dubitatio
1603 879 1670 921 est,
1698 880 1786 927 quin

1027 924 1089 958 ille
1125 924 1218 959 idem
1255 924 1383 968 fuerit,
1425 928 1484 973 qui
1526 930 1711 974 Olmvculum
1747 931 1786 964 de

1025 974 1188 1013 Obsidione
1215 979 1388 1018 Anconae,
1415 990 1433 1012 a
1463 991 1517 1013 me
1547 979 1681 1015 editum
1711 982 1788 1015 To-

1026 1038 1084 1060 mo
1113 1027 1177 1059 VI.
1206 1028 1284 1061 Rer.
1306 1027 1458 1063 Italicar.
1481 1028 1703 1078 conscripsit,
1725 1030 1786 1067 ubi

1025 1076 1131 1115 vide,
1159 1089 1246 1122 quae
1274 1076 1314 1111 de
1342 1077 1415 1125 ejus
1444 1081 1555 1125 patr-id
1591 1093 1629 1115 ac
1667 1080 1786 1117 studiis

1025 1126 1098 1161 sum
1127 1138 1409 1163 commentatus.
1437 1131 1595 1164 Trufffam’
1622 1140 1737 1166 autem
1767 1145 1787 1168 a

1000 1192 1002 1212 ι
1025 1178 1299 1226 Boncornpagno
1327 1182 1512 1215 memorati
1542 1179 1786 1218 Circulatores

1025 1230 1137 1270 luere,
1167 1228 1236 1263 five
1262 1243 1421 1270 errones.
1450 1231 1509 1278 qui
1540 1231 1689 1268 fallaciis
1717 1233 1787 1269 suis

1024 1281 1260 1327 emungebant
1286 1281 1380 1316 rudis
1421 1282 1544 1321 Poouh
1587 1282 1788 1333 marsupia.

1026 1332 1150 1376 Neque
1176 1331 1269 1365 enim
1300 1332 1433 1366 mendici
1460 1335 1597 1369 tantum
1640 1348 1682 1370 eo
1722 1348 1791 1370 no·

1025 1381 1121 1415 mine
1157 1380 1365 1428 significati,
1403 1393 1539 1429 quum,
1582 1394 1622 1420 ut
1662 1386 1787 1429 vides,

1025 1431 1088 1466 ille
1124 1430 1157 1466 se
1194 1430 1340 1479 fingeret
1382 1434 1561 1470 Meaicum:
1609 1437 1701 1483 quod
1745 1438 1783 1471 &

1026 1481 1136 1516 adhuc
1164 1481 1428 1518 Circulatorum
1451 1485 1607 1533 plerique
1627 1486 1788 1523 faciunt.

1026 1534 1085 1566 Ab
1114 1532 1280 1579 Hispanis
1308 1533 1419 1569 adhuc
1447 1537 1568 1572 Scurra
1587 1539 1786 1585 appellatur

1026 1585 1136 1615 Truan
1164 1581 1232 1617 sive
1259 1587 1410 1618 Truban.
1440 1586 1479 1618 In
1510 1588 1616 1622 Notis
1644 1589 1686 1622 ad
1713 1590 1787 1623 Le-

1026 1644 1102 1680 gem
1126 1632 1160 1667 6.
1183 1631 1361 1681 Aistulphi
1382 1635 1693 1682 Langobardorum
1717 1641 1790 1673 Re-

1004 1709 1005 1716 ,
1026 1695 1078 1730 gis
1095 1709 1106 1726 ‚
1135 1683 1242 1727 Papia
1268 1694 1478 1728 praeeunte,
1506 1686 1605 1729 dixi,
1633 1688 1786 1722 Trofflin-

1023 1746 1078 1779 gos
1119 1732 1217 1768 fuisse
1245 1735 1472 1777 joculatores.
1515 1739 1633 1781 Quare
1676 1737 1790 1774 alicui

1030 1782 1103 1818 veri
1130 1783 1241 1818 fimile
1270 1785 1451 1830 videatur,
1488 1786 1582 1821 nihil
1609 1786 1791 1824 discrimi-

1027 1834 1081 1868 nis
1128 1833 1348 1870 interceffiffe
1392 1835 1486 1871 inter
1530 1837 1706 1872 Truc't'anos
1750 1840 1789 1874 δε

1027 1883 1232 1931 Troc‘iingos.
1273 1889 1446 1921 Attamen
1483 1900 1553 1922 non
1581 1898 1654 1924 tam
1682 1888 1788 1925 facile

1028 1935 1245 1982 explodenda
1284 1935 1353 1972 alia
1391 1937 1638 1986 interpretatio
1675 1939 1726 1975 ibi
1768 1954 1790 1977 a

1029 1998 1084 2020 me
1112 1986 1307 2034 propofita,
1343 2000 1468 2034 nempe
1505 1988 1565 2024 sub
1603 1990 1790 2037 TroHingo—

1029 2050 1095 2070 rum
1141 2038 1285 2073 nomine
1346 2039 1474 2074 veniffe
1519 2041 1790 2085 Paranymphos.

1028 2087 1231 2123 Theotiscis
1258 2090 1413 2123 Trutbine
1449 2089 1541 2125 idem
1584 2091 1629 2125 est
1655 2104 1694 2126 ac
1722 2105 1790 2127 nu-

975 2151 987 2159 ·-
1029 2148 1166 2185 ptarum
1195 2151 1332 2184 comm,
1361 2141 1643 2189 Paranymphus.
1671 2142 1789 2179 Ibide

1029 2189 1163 2232 nuptiis
1199 2188 1237 2226 δί
1280 2192 1440 2227 Pronuba
1481 2206 1532 2227 res
1561 2192 1623 2227 est.
1668 2195 1721 2227 lta
1749 2193 1789 2228 in

1027 2239 1157 2276 Gloffis
1182 2240 1384 2277 Theotiscis
1421 2243 1462 2277 ab
1499 2243 1655 2278 Eccardo
1682 2243 1790 2279 editis.

1026 2293 1272 2337 Parargvmphus
1331 2294 1531 2329 Teutonice
1592 2295 1789 2342 appellatur

1026 2342 1230 2389 Truthigomo
1256 2343 1291 2377 &
1318 2346 1505 2379 Truteboto.

1077 2393 1142 2427 Sed
1168 2392 1259 2428 forte
1296 2394 1537 2441 perconteris:
1581 2393 1788 2431 fuerunt-ne

1029 2443 1161 2479 Seculis
1189 2444 1378 2480 barbaricis
1405 2444 1499 2480 inter
1526 2446 1686 2493 publicos
1714 2449 1788 2481 Lu-

1029 2496 1090 2529 dos
1118 2495 1362 2542 Tragoediae‚
1390 2506 1450 2531 aut
1477 2495 1597 2531 saltem
1628 2495 1791 2533 Comoe-

1029 2543 1129 2581 diae?
1166 2545 1341 2593 Equidem
1379 2545 1421 2584 in
1459 2548 1605 2584 remotis
1654 2546 1791 2631 Sffiulis

1655 2607 1679 2631 n
1718 2615 1738 2626 η
