2169 3047
440 233 461 272 α.
472 233 522 273 47

787 211 1154 269 ANMQJJT.
1195 210 1406 253 Mem!
1442 211 1604 254 ΑΕΗ

1859 222 1944 271 448

384 277 541 313 tionibus
571 280 643 309 erat
672 272 924 308 Excmicenmr.
963 274 998 307 Si
1037 269 1139 306 Lati-
1166 271 1223 306 ,A-
1247 269 1477 318 peculiaribus
1514 284 1553 306 ac
1589 271 1826 308 vetustiffimis
1854 275 2001 311 vocibus

383 339 508 362 norum
537 338 608 360 vox
645 323 793 359 minime
829 322 899 358 fuit
930 323 1141 364 Excedam,

383 377 439 412 sed
467 376 694 419 Italicorum,
721 373 851 410 exoriri
877 372 1053 407 dubitatio
1080 384 1141 419 po—

383 427 468 470 test,
507 440 549 462 an
587 427 654 462 rite
690 426 721 460 ei
760 426 856 460 locus
888 422 928 458 fit
956 422 1066 457 fastus
1102 422 1140 457 in

382 480 460 526 lege
497 491 535 512 ac
562 476 700 512 decreto
731 474 856 519 Populi
895 474 1073 516 Romani,
1102 485 1140 507 ac

383 527 583 577 praesertim
623 538 728 572 quum
767 524 954 559 Excodicare
992 536 1062 559 non
1101 521 1140 556 sit

384 579 540 620 tollere,
577 577 735 612 excidere
765 574 835 610 ἃς.
872 573 965 620 quod
1004 572 1140 621 poscere

383 630 442 663 lex
471 627 540 673 ipsa
565 627 722 661 videtur.
749 624 843 660 Fieri
869 633 985 658 tamen
1013 622 1139 669 potest,

384 687 424 713 ut
453 676 617 712 Latinior
641 689 711 710 vox
740 675 842 723 quam
873 673 1005 721 putarit
1027 673 1137 707 Palla-

384 727 483 766 dius,
507 726 692 761 Exsodicare
711 724 839 773 fuerit3
866 734 970 771 atque
992 723 1042 758 ita
1063 722 1140 758 sane

386 778 519 826 legitur
546 777 652 812 etiam
682 776 718 811 in
747 778 853 811 MSto
873 776 1006 810 Codice
1035 776 1141 808 Fron-

385 827 456 863 tini
482 826 661 863 adservato
689 827 726 862 in
754 825 879 861 Estenfi
905 823 1145 860 Bibliotheca.

385 879 524 914 Interea
552 877 706 913 vidimus
735 877 776 912 ab
804 875 958 923 antiquis
992 874 1142 921 Scripto-

387 929 484 964 ribus
513 929 654 970 Rusticos
692 927 729 963 δε
760 929 855 962 Italos
891 940 910 961 a
940 925 1067 960 Latinis
1093 924 1147 959 di—

386 978 537 1028 stingui,
575 979 755 1026 multaque
783 977 965 1012 vocabula·
989 975 1026 1011 in
1063 975 1141 1010 illo-

387 1042 465 1064 rum
493 1042 552 1064 ore
581 1029 794 1077 perdurasse,
823 1040 909 1075 quae
943 1027 979 1062 in
1009 1024 1145 1061 censum

390 1082 591 1118 Romanae.
619 1078 687 1113 five
715 1078 865 1114 Latinae
893 1077 1052 1124 Linguae
1081 1075 1145 1109 rni-

389 1129 485 1164 nime
508 1128 716 1164 veniebant.
735 1127 848 1174 Cujus
871 1128 921 1161 rei
942 1125 979 1160 ἃ
1002 1127 1147 1160 alterum

389 1180 592 1227 exemplum
634 1178 734 1212 nobis
777 1175 1013 1225 suppeditabit
1055 1187 1145 1222 prae-

389 1229 549 1265 laudatus
591 1228 736 1264 Sanetus
779 1227 1019 1272 Hieronymus
1059 1223 1148 1272 Cap.

387 1282 453 1315 IV.
480 1279 516 1315 in
543 1278 727 1314 Ezechiel.
753 1278 807 1313 Ibi
834 1277 916 1311 haec
943 1277 1015 1311 ait:
1045 1279 1150 1320 ‚Quam

390 1344 444 1364 nos
483 1330 602 1364 Viriam
640 1329 761 1375 (nunc
801 1330 908 1371 [ἄρα
938 1323 1146 1360 Mutinensi-

385 1382 452 1416 bus
467 1408 477 1424 ,
501 1380 607 1415 Veccia
627 1378 779 1425 Tuscis)
807 1375 1005 1418 interpretati
1024 1374 1150 1418 sumus,

388 1431 621 1477 Septuaginta,
650 1427 878 1471 Theodotioque
902 1425 1068 1471 posuerunt
1093 1429 1151 1462 :zu-

390 1499 455 1526 μιν,
494 1493 587 1527 quam
613 1478 673 1513 alii
699 1480 880 1514 stowam,
918 1475 978 1509 alii
1007 1474 1153 1520 sigalam

391 1540 527 1580 putant.
551 1528 696 1574 Aquilae
719 1536 822 1562 autem
844 1525 949 1572 prima
973 1524 1090 1568 editio,
1111 1526 1152 1559 (θ’

389 1579 593 1629 Symmachus
632 1583 714 1620 ζέας,
744 1576 816 1617 sive
853 1578 919 1619 ζεῖοις
955 1575 1154 1618 interpretati

383 1634 485 1680 sunt,
513 1642 590 1676 quas
618 1642 670 1664 nos
698 1628 751 1663 vel
780 1629 869 1667 Far,
901 1627 955 1661 vel
977 1625 1094 1672 gentili
1120 1628 1150 1661 Ι-

388 1685 488 1719 taliae
531 1680 776 1727 Pannoniaeque
819 1678 955 1721 sermone
995 1676 1122 1722 Spicum
1143 1704 1153 1720 ‚

390 1734 593 1778 Speltamque
620 1730 776 1764 dicimus.
810 1728 901 1764 Vide
918 1756 927 1769 ,
955 1736 1084 1774 quanta
1113 1740 1153 1762 ο-

390 1785 458 1820 lim
496 1783 586 1818 foret
614 1778 821 1829 disceptatio
848 1779 890 1814 de
921 1778 1020 1814 illius
1056 1778 1151 1826 legu-

390 1833 500 1870 minis
534 1831 700 1867 nomine.
743 1829 857 1866 Nobis
885 1827 1019 1864 diversa
1057 1828 1153 1877 legu-

389 1884 488 1921 mina
516 1883 594 1919 sunt
632 1883 666 1916 la
705 1883 839 1926 Vezza,
878 1880 911 1914 la
941 1879 1087 1924 segala,
1122 1879 1156 1912 la

391 1936 525 1981 spelta.
566 1932 624 1968 Ad
661 1945 722 1966 nos
760 1931 798 1966 in
835 1928 1026 1978 praesentia
1062 1928 1153 1975 quod

392 1985 546 2023 attinet,
568 1983 819 2029 antiquitatem
848 1979 946 2015 vocis
971 1978 1081 2025 spelta
1102 1978 1154 2013 vi-

393 2035 542 2078 demus,
569 2047 656 2080 quae
685 2032 795 2067 adhuc
825 2030 913 2079 apud
941 2043 1004 2065 nos
1032 2029 1153 2076 perdu-

393 2095 473 2130 rat,
493 2084 546 2121 uti
564 2083 602 2120 δε
621 2083 709 2125 apud
729 2084 923 2117 Germanos
936 2108 944 2124 ,
962 2079 1024 2128 qui
1045 2081 1158 2126 Speltz

391 2135 542 2171 dicunt.
580 2137 682 2169 Hanc
720 2142 835 2168 autem
866 2144 937 2166 non
968 2144 987 2165 a
1014 2129 1156 2166 Latinis

395 2193 603 2231 acceperunt
630 2183 787 2230 regiones
815 2181 917 2224 istae,
949 2180 1002 2216 sed
1032 2181 1073 2215 ab
1103 2179 1156 2228 ip-

394 2235 437 2271 fis
466 2234 588 2269 Italiae
616 2232 765 2274 incolis,
793 2231 855 2278 qui
892 2239 971 2266 ante
1003 2231 1156 2266 Romani

396 2283 545 2332 Imperii
582 2281 868 2332 propagationem
906 2281 983 2316 heic
1021 2280 1156 2316 habita—

397 2337 506 2380 bant,
534 2348 571 2370 ac
596 2333 884 2369 dominabantur.
911 2333 1027 2377 Quare
1051 2331 1155 2366 intel—

398 2387 510 2435 ligas,
531 2385 587 2420 vel
611 2384 681 2429 post
702 2382 854 2418 additam
878 2384 1053 2417 Romanae
1075 2381 1151 2417 Rei-

398 2437 561 2486 publicae
591 2435 746 2470 Galliam
778 2432 1018 2480 Cisalpinam,
1053 2445 1154 2480 quarn

398 2488 531 2524 Italiam
561 2486 705 2521 Saeculo
732 2483 802 2520 Ch.
831 2486 968 2529 Quarto
1005 2484 1150 2529 appella—

400 2552 437 2575 re
463 2551 537 2575 mos
562 2536 653 2582 fuit,
678 2543 819 2586 gentem
845 2534 933 2571 hanc
953 2532 1157 2582 quibusdam

1193 2066 1220 2099 E

1245 320 1313 356 suis
1337 321 1395 357 -uti
1426 322 1632 369 perrexisse.
1671 325 1722 358 Ita
1749 325 1882 358 Parenti
1911 337 2001 360 nunc

1245 371 1346 406 nobis
1386 373 1606 417 appellantur
1643 375 1807 420 Cognati,
1843 374 2003 418 Affines:

1245 422 1337 468 quod
1359 422 1505 457 minime
1526 423 1695 459 Latinum
1717 423 1779 459 est.
1802 424 1896 459 Idem
1919 427 2004 460 San-

1246 472 1320 507 ἓως
1357 474 1597 518 Hieronymus
1633 473 1716 510 Lib.
1747 486 1779 509 2.
1816 476 1923 522 Apol.
1961 475 2002 511 ad

1248 521 1446 564 Rufinum,
1482 536 1605 565 vocem
1641 524 1729 558 hanc
1769 523 1828 559 suo
1864 538 2004 572 quoque

1248 581 1404 619 tempore
1441 571 1477 605 in
1507 571 1565 606 usu
1597 572 1694 607 fuisse
1724 573 1886 613 testatur,
1922 575 2006 611 scri-

1249 622 1356 656 bens:
1386 621 1460 659 Nifi
1481 621 1563 664 sorte
1590 625 1738 655 Parentes
1764 623 1900 656 militari
1927 626 2005 657 Vul-

1245 672 1377 718 garique
1395 671 1531 714 sermone
1555 675 1711 718 Cognatas
1732 671 1777 710 &⁸
1797 672 1927 717 Affines
1950 687 2007 707 no-

1250 721 1374 755 minat.
1411 723 1457 755 Et
1494 721 1636 757 sanetus
1665 721 1883 758 Gaudentius
1920 723 2007 771 Epi-

1250 771 1369 819 scopus
1405 770 1591 807 Brixianus
1629 772 1754 807 SanElo
1782 773 2005 819 Hieronymo

1250 821 1461 868 synchronus
1488 821 1524 856 in
1554 825 1660 858 Serm.
1689 824 1735 858 ΙΙ.
1766 824 1806 858 ad
1837 825 2007 871 Neophy-

1249 881 1303 908 tos
1331 872 1482 906 Brodium
1510 886 1571 920 pto
1590 876 1673 916 Juve
1701 872 1858 908 carnium
1894 875 2007 909 elixa-

1250 936 1324 958 rum
1355 932 1550 963 memorat,
1579 922 1753 957 scribens:
1789 926 1829 956 Ut
1858 923 2008 958 immacu-

1249 974 1334 1007 latus
1362 973 1424 1007 Dei
1449 975 1569 1018 Agnus
1604 972 1732 1014 bostiam
1761 973 1910 1006 mundam
1939 983 2008 1008 tra-

1248 1026 1358 1065 deret,
1382 1022 1453 1064 sine
1479 1023 1618 1065 ustione,
1642 1022 1710 1063 fine
1732 1023 1914 1068 sanguine,
1938 1023 2007 1063 sine

1249 1073 1390 1111 Evodio,
1421 1072 1498 1114 idest
1527 1072 1599 1117 jure
1627 1073 1765 1107 carnium
1795 1074 1862 1107 (9¹⁶.
1900 1074 2008 1108 Atta-

1250 1134 1327 1156 men
1356 1121 1532 1156 G10ffema
1561 1135 1579 1156 a
1609 1122 1774 1169 quopiam
1813 1122 2008 1170 appositum

1249 1171 1326 1206 heic
1346 1170 1444 1205 fuiffe
1467 1170 1593 1206 merito
1613 1171 1865 1206 animadvertit
1888 1175 1931 1207 V.
1948 1173 2007 1208 Cl.

1251 1222 1375 1256 Paulus
1404 1221 1606 1256 Galleardus
1633 1219 1836 1257 Canonicus
1865 1222 2005 1257 Brixia—

1249 1285 1311 1306 nus
1332 1272 1368 1306 in
1395 1270 1646 1312 elegantiflima
1674 1271 1829 1307 editione
1850 1274 2006 1319 Operum

1249 1320 1368 1356 Sanffi
1404 1321 1623 1357 Gaudentii.
1662 1321 1723 1356 Sed
1759 1331 1845 1369 quot
1883 1322 2006 1358 deinde

1251 1381 1348 1419 putes
1379 1384 1550 1407 novorum
1581 1372 1763 1407 verborum
1795 1385 1934 1421 agmina
1968 1374 2006 1408 in

1250 1421 1426 1468 Linguam
1457 1421 1616 1456 devietae
1645 1423 1787 1457 Italicae
1817 1423 1930 1469 gentis
1961 1422 2008 1458 il-

1251 1472 1321 1505 lata
1349 1469 1447 1505 fuisse
1483 1483 1500 1505 a
1530 1471 1865 1518 Septentrionalibus
1899 1485 2009 1519 popu-

1250 1521 1321 1564 lis,
1350 1520 1412 1568 qui
1439 1519 1517 1555 heic
1548 1533 1606 1568 per
1633 1530 1689 1556 tot
1718 1534 1825 1556 annos
1854 1521 2008 1558 insedere

1251 1580 1418 1618 tanquam
1447 1571 1484 1606 in
1514 1570 1654 1619 proprio
1683 1570 1782 1606 solo?

1303 1623 1425 1669 Itaque
1463 1620 1580 1668 poscat
1607 1621 1758 1669 aliquis,
1786 1635 1856 1670 quo
1890 1635 2008 1659 revera

1252 1673 1376 1708 Seculo
1400 1680 1499 1707 tanta
1532 1671 1700 1707 acciderit
1731 1673 1855 1709 Latini
1882 1673 2009 1708 sermo-

1253 1722 1306 1757 nis
1345 1722 1588 1769 perturbatio,
1626 1724 1659 1756 3<
1691 1732 1787 1758 tanta
1819 1722 2010 1771 peregrini-

1252 1781 1304 1807 tas
1331 1771 1470 1806 inveffla
1499 1771 1535 1806 in
1564 1785 1689 1814 voces,
1719 1772 1756 1807 in
1786 1773 1943 1817 phrases,
1970 1772 2009 1807 in

1253 1821 1451 1868 syntaxim,
1478 1822 1511 1856 &
1540 1821 1577 1856 in
1603 1821 1735 1869 reliqua
1761 1821 1833 1869 ejus
1858 1821 2010 1862 viscera,

1254 1882 1292 1908 ut
1314 1871 1394 1907 inde
1414 1884 1505 1906 nova
1525 1872 1665 1919 Lingua
1685 1871 1884 1915 emerserit,
1905 1885 2011 1920 quam

1256 1936 1346 1958 nunc
1374 1922 1520 1957 Italicam
1557 1923 1796 1969 appellamus,
1832 1921 1869 1956 in
1896 1922 2011 1958 varias

1258 1972 1436 2009 Diale&os
1464 1971 1634 2015 divisam,
1662 1972 1716 2007 sed
1744 1972 1786 2007 ab
1808 1971 1906 2007 Italis
1933 1985 2011 2008 otn—

1258 2023 1358 2059 nibus
1383 2021 1620 2058 intelleffiam.
1646 2021 1685 2057 Id
1712 2021 1829 2058 senfim
1854 2022 2011 2072 ἠθικῆς

1256 2074 1367 2110 immo
1408 2073 1449 2108 ab
1486 2072 1564 2120 ipsis
1601 2072 1843 2108 vetustioribus
1880 2073 2011 2109 Seculis

1259 2124 1449 2160 arcessenda
1466 2123 1699 2172 corruptionis
1715 2123 1816 2171 hujus
1831 2123 1931 2172 origo
1947 2123 1992 2158 est
2003 2149 2012 2159 .

1259 2174 1406 2211 Censuit
1442 2184 1555 2210 autem
1595 2173 1809 2210 doetiffimus
1840 2174 1894 2209 vir
1929 2186 2013 2209 con·-

1258 2225 1348 2261 civis
1376 2238 1471 2260 meus
1496 2224 1697 2261 Ludovicus
1718 2224 1949 2260 Castelvetrus
1972 2222 2011 2258 in

1258 2276 1442 2312 Additam.
1470 2275 1512 2311 ad
1540 2275 1662 2311 Bembi
1692 2275 1818 2311 Libros
1851 2274 1891 2308 de
1921 2271 2012 2308 Lin-

1257 2341 1322 2376 gua
1354 2325 1529 2375 Vulgari.
1565 2325 1806 2366 Langobardis
1841 2323 1876 2358 in
1907 2321 2011 2357 Italia

1257 2376 1505 2426 regnantibus,
1531 2375 1744 2425 potiffimum
1771 2371 1950 2416 accidisse,
1971 2380 2012 2408 ut

1257 2428 1388 2465 Latina
1417 2427 1555 2477 Lingua
1585 2438 1683 2462 antea
1711 2431 1893 2470 corrupta,
1929 2423 1962 2457 ὃ(
1991 2434 2012 2457 a

1257 2479 1359 2515 novis
1396 2476 1489 2513 hisce
1525 2476 1716 2522 hospitibus
1751 2473 1901 2522 amplius
1936 2471 2013 2507 soe-

1232 2526 1337 2578 jdata
1372 2527 1518 2567 evaserit
1552 2527 1591 2563 in
1627 2526 1772 2562 alteram
1806 2524 2011 2573 Linguam,

1893 2576 1963 2610 Ve-
