2169 3047
381 224 466 272 699
727 216 895 260 ANT}

910 215 1094 275 Qum:
1138 215 1355 259 Maon
1387 216 1548 262 Ἁενι

1809 236 1894 276 700

371 291 433 313 cur
472 275 659 324 Menagius
699 277 829 320 Julium
870 278 1080 324 Scaliger-um
1125 277 1155 312 A
1195 276 1313 317 Basta.
1362 277 1509 322 Sufficit,
1554 277 1647 313 Satis
1682 278 1746 320 est.
1792 279 1952 314 Multum

370 328 474 364 nobis
518 327 723 363 scribentem
764 327 953 369 exhibeat,
993 328 1080 373 apud

370 380 506 415 Turcas
535 393 552 414 e
582 380 745 413 molliore
776 379 864 413 villo
905 378 1080 413 hircorum

365 432 514 479 pretiosos
542 432 657 463 contexi
685 441 824 473 pannos,
864 444 933 475 quos
962 431 1076 464 Zarca-

370 495 427 517 can
454 493 592 516 vocant.
624 485 745 527 Longe
773 480 893 514 distare
919 482 1080 514 Zarcacan

372 546 390 568 a
422 536 601 567 Barracano
630 543 732 564 nemo
754 543 822 564 non
853 530 980 564 sentit.
1010 532 1077 563 Ve—

369 584 400 619 ri
430 582 519 616 mihi
549 582 688 614 videtur
725 579 835 614 limile
864 579 1005 621 (visum
1036 579 1080 614 est

370 644 472 668 antea
499 633 532 666 δι
563 630 803 678 Βυ-(ἶτιηὲἰο)
833 644 851 664 a
880 633 994 664 Bam‘s
1018 644 1077 664 va-

369 684 414 717 rii
441 682 546 717 coloris
574 681 691 726 (nunc
721 683 824 722 Liste‚
861 682 1012 727 striscie)
1040 694 1078 715 0—

369 733 436 769 lim
465 732 618 768 inditum
648 731 745 766 fuiffe
775 744 900 766 nomen
929 732 1079 779 ejusmo-

371 784 406 819 di
438 785 579 829 pannis.
613 785 752 816 Drlcolor
781 785 978 817 Barracanus
1008 795 1077 817 me-

369 846 529 870 moratur
556 832 683 868 §anglo
712 833 887 868 Bernardo
923 833 964 868 de
994 835 1079 868 Vita

370 884 408 921 ἃ
441 885 600 920 Moribus
631 883 797 931 Religios.
825 886 911 928 Cap.
940 896 974 931 9.
1006 886 1079 918 Aut

372 937 550 971 Arabicae
576 934 726 983 originis
755 933 800 968 ‹st
830 948 920 970 vox:
952 936 1080 970 habent

370 988 464 1022 enim
510 988 543 1021 &
585 987 718 1021 Arabes
761 988 907 1020 Baracan
935 1011 945 1021 .
989 984 1080 1020 Vide

371 1039 533 1072 Gon-um
562 1038 596 1071 &
624 1037 798 1084 Giggeum
817 1063 826 1071 .

322 1087 436 1131 Baffo.
460 1088 623 1130 Humilis,
644 1085 826 1130 Depreffus.
854 1086 968 1121 Gallis
993 1099 1079 1133 quo·
1103 1114 1105 1116 .

372 1151 440 1185 que
467 1138 512 1172 est
540 1141 627 1179 Bas,
664 1138 696 1170 ἃ
737 1137 778 1170 ab
805 1137 854 1171 eis
885 1137 995 1184 Angli
1025 1148 1079 1170 ac·
1113 1166 1115 1168 ,

372 1201 493 1233 cepere
535 1189 642 1226 Base,
681 1187 849 1221 translate
887 1185 1081 1231 significans

373 1239 476 1273 Vilis.
506 1238 627 1284 Inepte
656 1236 822 1272 Nicotius
851 1250 868 1271 e
896 1237 987 1276 Bafis
1013 1239 1081 1272 La-

371 1289 474 1332 tino,
505 1287 571 1322 slve
600 1290 733 1322 Graeco
761 1288 927 1322 deduxit.
957 1289 1079 1322 Mena-

372 1340 451 1386 gius
478 1340 508 1374 8<
542 1339 739 1373 Fureterius
767 1351 784 1371 a
813 1337 927 1380 Baffus
951 1338 1082 1373 Larino

372 1390 609 1425 derivarunt.
654 1387 717 1422 Sed
754 1400 797 1421 ne
843 1387 896 1421 isti
940 1387 1082 1434 quidem

371 1440 514 1487 scopum
557 1439 730 1485 attigere,
768 1450 874 1484 quum
915 1438 1081 1472 Barbaro-

370 1491 542 1532 Latinis‚
582 1488 709 1523 1s1d0r0
748 1488 855 1530 teste,
893 1486 1006 1534 Baffus
1043 1487 1083 1522 si-

371 1541 550 1590 gnificarit
595 1543 759 1573 Hommem
795 1538 963 1584 Crassum,
1002 1540 1082 1573 Pin-

367 1606 486 1638 guem,
516 1590 667 1633 obelum.
708 1590 851 1636 Papias,
889 1591 919 1624 8<
953 1590 1083 1632 johan-

369 1656 430 1678 nes
467 1642 507 1677 de
553 1643 688 1683 Janua,
727 1641 852 1687 quibus
891 1639 1004 1685 Baffus
1039 1640 1083 1675 est

370 1695 478 1729 etiam
508 1695 646 1732 Cunus,
676 1692 839 1735 Humilis,
864 1694 934 1725 Non
957 1692 1083 1731 Altus,

368 1754 524 1780 recentes
553 1744 745 1787 Scriptores
773 1742 877 1782 sunt,
916 1742 1012 1789 iique
1051 1743 1084 1779 [-

368 1795 514 1830 talicam
534 1807 655 1828 vocem
678 1793 808 1829 Latine
825 1793 1081 1841 expresserunt.

369 1844 532 1891 Suspicor
577 1857 641 1890 ego
688 1855 824 1879 enatam
875 1857 995 1878 vocem
1040 1857 1082 1880 ex

368 1895 524 1931 Arabica
554 1895 721 1940 Lingua,
762 1908 849 1938 quae
887 1894 938 1929 uti
978 1893 1081 1929 fidem

368 1945 505 1982 faciunt
536 1946 689 1994 Giggeus
717 1947 750 1980 δ(
779 1944 947 1984 Gollius,
979 1945 1083 1981 habet

368 1996 508 2042 Baaffa,
555 1997 759 2039 prostravit,
798 1997 899 2030 Humi
933 1996 1081 2037 stravit.

368 2048 454 2083 Inde
492 2046 665 2090 Baaffato,
707 2049 802 2082 Illum
842 2046 1082 2094 imprudenter

367 2099 576 2139 prostravit.
621 2098 654 2133 Si
700 2098 889 2132 Arabicum
938 2098 1079 2133 verbum

365 2151 492 2184 Italice
533 2148 668 2187 reddis,
707 2148 808 2183 habes
849 2147 1001 2189 Βιθὶπε,
1041 2147 1078 2184 &

366 2199 488 2234 addito
531 2201 619 2237 Ad.
657 2197 861 2241 Abbaffivre.
902 2198 1080 2242 prostrare,

365 2249 531 2291 Deir'ccre,
561 2249 611 2284 uti
651 2247 687 2283 ὅ(
727 2247 820 2292 ΒᾸιῙῙο
839 2277 845 2288 ,
874 2247 1080 2293 ,Ablmffizto⁹

364 2300 566 2341 Prostratus,
609 2299 780 2339 Dejeffus.
821 2302 894 2334 Aut
934 2300 1079 2336 dicenda

367 2351 411 2386 est
445 2364 512 2385 vox
541 2351 702 2385 Celtica:
734 2351 889 2385 occurrit
915 2354 1008 2385 enim
1037 2365 1078 2386 eo

366 2402 462 2437 sensu
507 2405 574 2436 Bas
627 2401 663 2435 in
711 2401 886 2435 Glossario
935 2402 1077 2436 Celtico

364 2452 593 2495 Boxhornii‚
631 2455 659 2486 δε
703 2453 738 2487 in
777 2450 963 2487 Cimbrico
1006 2454 1075 2487 Da-

366 2503 484 2538 viesii.
516 2503 606 2540 Vide
634 2501 672 2540 &
701 2503 912 2539 Schilterum
942 2502 984 2538 ad
1013 2516 1074 2539 vo-

365 2567 440 2591 cem
468 2558 544 2599 Ba<
554 2580 564 2590 .

1121 1191 1154 1225 C
1162 1194 1164 1218 ι

1123 1634 1157 1670 D

1245 327 1321 363 heic
1356 328 1573 364 hariolantur
1610 330 1784 365 Ferrarius
1812 331 1846 364 &
1875 331 1954 365 Me-

1245 379 1390 426 nagius.
1420 380 1491 415 Hic
1520 394 1537 415 a
1568 384 1668 422 Vaco,
1707 392 1766 416 aut
1794 382 1957 416 covaru-

1243 433 1300 465 via
1332 442 1522 478 praeunte,
1550 445 1566 466 a
1597 435 1682 466 Bene
1709 435 1808 466 Stat:
1847 432 1907 466 ille
1934 443 1953 465 a

1243 483 1441 529 gerulorum
1474 482 1644 517 vacabulo
1683 482 1805 525 Basia,
1843 481 1953 530 origi-

1243 544 1320 565 nem
1354 532 1450 566 vocis
1479 532 1642 567 trahunt.
1670 535 1842 568 Attamen
1868 545 1951 567 con-

1243 581 1456 616 filerandum
1501 581 1612 615 adhuc
1654 581 1730 624 est,
1777 596 1819 617 an
1863 582 1952 618 forte

1243 644 1312 666 vox
1351 631 1411 666 ista
1448 631 1490 666 ab
1526 631 1770 667 Orientalibus
1810 632 1951 680 Populis

1242 683 1281 716 ad
1322 694 1382 716 nos
1421 682 1549 717 veniffe
1586 684 1763 729 potuerit,
1800 683 1831 717 8<
1873 682 1951 717 inde

1243 732 1361 767 sensim
1399 732 1618 767 eff-rmaturn
1662 732 1770 768 fuerit
1808 734 1950 769 verbum

1242 784 1394 824 Bzstare.
1419 782 1567 818 Persicae
1590 784 1746 829 profef'to
1770 783 1950 832 Linguae,

1243 834 1295 868 uti
1329 835 1482 882 Angelus
1519 848 1538 869 a
1575 834 1701 869 saneto
1737 834 1860 881 joseph
1899 844 1952 869 te-

1242 883 1346 919 statur
1374 885 1409 918 in
1441 884 1707 931 Gazophylacsso
1747 884 1879 919 Pei-fico
1906 884 1951 919 est

1242 937 1331 974 Bas,
1352 933 1570 976 suffl-imtia,
1595 936 1625 969 8(
1651 935 1824 976 Bas-alla,
1852 934 1953 979 5¹¹ffi‘'

1241 986 1304 1020 cit.
1334 985 1492 1020 Multum
1529 985 1755 1022 commercii.
1795 985 1864 1029 post
1900 999 1952 1020 re-=

1243 1046 1377 1075 ceptam
1418 1037 1541 1070 Seculo
1578 1035 1706 1071 Christi
1748 1035 1951 1071 Undecima

1242 1086 1553 1130 Hierosolymam,
1584 1088 1726 1121 Italicae
1755 1087 1852 1134 genti
1882 1086 1952 1122 fuir:

1243 1148 1321 1170 cum
1376 1135 1478 1170 Perfis
1509 1162 1517 1170 .
1576 1136 1766 1183 Hispanica
1813 1149 1951 1183 quoque

1242 1188 1382 1232 Lingua
1422 1186 1525 1220 habet
1562 1187 1661 1227 Bsta
1699 1199 1760 1233 pro
1796 1186 1948 1231 Sufficv't,

1243 1236 1295 1272 uti
1324 1238 1357 1271 8<
1385 1237 1529 1278 ,Abastar
1557 1247 1617 1283 pto
1644 1240 1733 1270 Satis
1760 1235 1840 1281 effe.
1879 1239 1951 1272 Ne-

1242 1300 1309 1334 que
1346 1287 1608 1325 omittendum,
1647 1286 1822 1330 Hispanos
1860 1287 1951 1334 ipsos

1241 1339 1347 1371 etiam
1378 1337 1492 1370 dicere
1519 1336 1642 1377 AbastO
1675 1350 1735 1382 pro
1762 1337 1950 1371 Abundan-

1241 1387 1311 1428 tia,
1339 1385 1377 1420 δε
1407 1385 1613 1423 Aballo-cido,
1651 1389 1741 1433 quod
1775 1400 1835 1421 nos
1862 1388 1951 1423 dici-

1243 1449 1318 1471 mus
1349 1437 1472 1470 ltalice
1501 1439 1569 1470 Bm
1593 1436 1732 1479 sumito,
1762 1440 1829 1471 Ben
1855 1449 1952 1483 prov-

1241 1489 1376 1522 vedum.
1414 1486 1629 1522 Contensum
1668 1487 1821 1533 aliquem
1860 1488 1952 1524 inter

1242 1537 1302 1573 has
1333 1551 1434 1586 voces
1464 1536 1590 1573 sentire
1622 1538 1709 1573 mihi
1741 1538 1887 1574 videor.

1192 1589 1323 1630 Bastia.
1353 1588 1478 1631 Arc-is,
1509 1588 1561 1623 seu
1588 1589 1801 1624 Munitionis
1823 1603 1949 1637 genus.

1243 1639 1335 1674 Vide
1390 1639 1676 1676 Differtationem
1734 1642 1865 1676 XXVI.
1913 1643 1952 1675 de

1242 1692 1393 1727 Mrlin‘a.

1191 1742 1350 1777 Battello.
1381 1743 1564 1777 Navicula.
1586 1745 1730 1778 Certum
1756 1753 1864 1790 puto,
1887 1755 1951 1776 vo-

1241 1804 1313 1827 cem
1345 1791 1432 1826 hanc
1460 1793 1500 1826 ad
1530 1806 1592 1827 nos
1623 1793 1748 1827 venisse
1776 1807 1816 1828 ex
1844 1794 1949 1827 Fran-

1241 1841 1496 1877 co·Theotisc0
1520 1846 1604 1881 Bae,
1632 1842 1722 1877 idem
1753 1842 1950 1893 significan-

1241 1901 1306 1928 te.
1348 1894 1373 1927 E
1417 1896 1483 1927 Bar
1520 1893 1782 1929 efformavimus
1821 1894 1950 1930 Battel-

1239 1944 1270 1977 lo
1311 1943 1592 1979 diminutivum.
1635 1944 1797 1980 Invenias
1840 1944 1948 1981 etiam

1240 1995 1336 2029 Bam·
1372 2007 1477 2029 naves
1516 1995 1603 2035 apud
1636 1997 1802 2037 Joannem
1833 1995 1950 2030 Villa-

1240 2044 1369 2080 nium,
1417 2047 1461 2079 Et
1503 2046 1583 2081 inde
1626 2045 1731 2081 fluxit
1769 2046 1949 2082 Gallicum

1240 2098 1389 2139 Bate-au,
1427 2096 1457 2131 ὅ(
1495 2097 1693 2144 Anglorum
1737 2100 1845 2137 Boat,
1883 2096 1950 2131 five

1241 2149 1304 2181 Bor
1327 2173 1335 2181 .
1381 2148 1415 2181 A
1462 2148 1591 2188 Bastum
1629 2147 1844 2197 significante
1882 2150 1949 2182 Ba-

1239 2201 1341 2232 culum
1368 2206 1428 2232 aut
1457 2199 1611 2232 Perticam
1648 2200 1735 2247 apud
1774 2199 1945 2237 Latinos,

1239 2246 1308 2282 five
1353 2248 1442 2295 apud
1480 2251 1631 2284 Graecos
1680 2249 1866 2292 suspicatus
1901 2245 1946 2280 est

1238 2299 1427 2346 Menagius
1455 2300 1650 2335 derivatum
1681 2300 1778 2335 fuiffe
1798 2297 1941 2332 Batello.

1240 2350 1302 2384 Sed
1332 2350 1388 2385 illi
1419 2363 1522 2386 nemo
1552 2350 1765 2386 subscribat.

1189 2403 1306 2435 Bova.
1333 2402 1475 2445 saliva,
1505 2415 1546 2436 ex
1575 2415 1635 2436 ore
1663 2398 1856 2441 praesertim
1887 2397 1944 2433 in-

1239 2450 1390 2486 fantium
1420 2452 1597 2498 prodiens.
1634 2450 1688 2483 Est
1721 2449 1753 2483 &
1783 2449 1942 2484 Gallicae

1238 2502 1400 2550 Linguae
1421 2506 1513 2537 Bave
1529 2501 1642 2534 eadem
1666 2498 1940 2545 significatione.

1237 2552 1408 2600 Hispanis
1434 2554 1518 2587 vero
1547 2553 1662 2589 Baba,
1690 2553 1843 2590 Bavear,
1872 2553 1941 2585 Ba-

1816 2599 1890 2647 vos·
