2169 3047
296 463 393 495 Tecca
419 486 428 496 .

354 214 462 252 1019

344 308 530 355 Cyatbum,
567 313 627 341 aut
654 304 812 340 Calicem
850 304 891 337 ad
929 302 1050 337 biben-

344 358 449 394 dum.
486 354 637 404 Hispani
663 366 801 404 quoque
839 352 920 388 inde
957 352 1049 388 sum-

346 408 417 445 fisse
445 408 544 444 suum
570 410 663 450 Taza
690 403 851 439 credendi
879 403 983 441 sunt-x

475 457 567 494 Vide
612 456 710 504 supra
751 454 793 490 ad
838 455 1049 490 vocabulum

343 511 480 546 Tuccia.

291 562 488 604 Tempellare
505 585 513 594 .
540 556 710 605 Menagio
737 568 808 591 vox
836 554 1025 591 insalutata
1041 582 1049 591 .

345 608 575 646 Vocabularii
627 605 828 643 Florentini
876 606 1050 642 AuStores

342 661 420 696 vim
447 660 482 694 &
509 658 683 706 originem
704 657 804 691 verbi
831 656 979 692 minime
999 656 1047 692 as-

343 709 483 758 sequuti
520 709 610 744 mihi
646 707 836 743 videntur.
872 707 989 754 Ajunt
1014 721 1050 743 e—

343 761 420 797 nim
462 758 648 809 significari
686 771 745 806 per
780 756 896 796 illud,
934 758 1050 802 pinna-

342 821 443 846 mente
468 811 617 852 vollare,
643 809 820 844 dimenare.
848 808 942 853 forse
967 811 1052 843 deno

341 863 400 897 dal
427 872 527 906 tempo
553 859 757 895 dell'oriuolo
773 886 781 894 .
818 858 953 906 Accipe
980 858 1049 894 ori—

344 912 465 960 ginem
496 925 612 947 veram
649 924 668 947 e
703 910 984 946 Lombardorum
1013 923 1047 945 u-

345 962 404 998 su.
432 963 567 1011 Lignea
592 962 732 1001 tabula,
761 960 798 996 in
819 961 916 1009 cujus
938 959 1053 996 media

344 1013 526 1061 superficie
565 1013 713 1048 mobilia
751 1011 820 1047 duo
857 1013 913 1047 vel
956 1013 1053 1055 plura

344 1064 460 1099 veluti
491 1063 672 1099 manubria
703 1077 721 1098 e
758 1062 848 1098 ferro
890 1063 1054 1108 utrinque

345 1114 458 1149 infixa
486 1115 590 1157 sunt,
627 1128 645 1149 a
684 1113 872 1149 Monachis
901 1113 1048 1158 appella-

346 1165 470 1205 batur,
499 1166 530 1198 8<
561 1164 669 1199 adhuc
700 1173 845 1198 vocatur
872 1163 1055 1208 Tempella.

347 1214 484 1249 Tabula
515 1213 596 1248 haec
626 1212 731 1248 nofflu
760 1213 919 1248 manibus
944 1212 1053 1260 agita-

348 1273 406 1303 ta,
450 1264 648 1297 Monachos
688 1264 896 1299 excitabat,
935 1271 974 1294 ut
1014 1263 1053 1294 ad

348 1313 492 1346 chorum
534 1311 755 1345 accederent.
793 1311 910 1353 Quare
952 1307 1055 1342 facile

347 1361 608 1409 intelligimus,
651 1360 730 1395 ideo
768 1359 982 1405 crepstaculo
1020 1371 1055 1393 e-

348 1412 500 1462 jusmodi
531 1411 683 1446 inditum
713 1423 840 1444 nomen
869 1409 1055 1454 Tempella.

348 1464 443 1511 quod
473 1466 605 1502 Trmpus
634 1460 844 1508 designaret,
881 1473 898 1494 e
927 1458 1058 1494 lefflulo

347 1513 603 1560 consurgendi.
643 1513 738 1547 Hinc
777 1509 935 1545 manavit
966 1515 1051 1544 Iem-

346 1566 494 1612 pellan,
529 1562 610 1598 idest
638 1562 814 1607 strepitum
846 1560 955 1596 facere
984 1559 1056 1608 agi-

351 1615 489 1649 tatione
517 1613 664 1661 alitujus
693 1613 741 1648 rei
761 1641 769 1653 ,
799 1611 890 1659 quod
920 1611 960 1646 ad
990 1611 1056 1646 alia

350 1664 591 1706 metaphorice
629 1653 835 1699 translatum
875 1662 938 1697 est.
977 1664 1057 1696 Mu-

350 1715 528 1757 ssnenses,
566 1714 771 1762 Regienses,
809 1713 939 1760 aliique
977 1711 1056 1748 fini—

352 1766 436 1802 timi
470 1765 623 1814 Populi,
663 1779 790 1800 nomen
828 1764 912 1800 istud
943 1777 1056 1798 corru-

350 1829 456 1865 pere3
495 1829 575 1852 nam
613 1817 783 1861 Tamperla
811 1829 873 1863 pro
900 1815 1062 1858 Tempella

353 1867 498 1903 dicunt.

303 1918 469 1961 Tenzone.
497 1919 709 1953 concertatio.
747 1917 809 1953 Nil
840 1917 880 1952 de
908 1916 973 1951 hac
999 1929 1057 1950 vo-

357 1981 396 2003 ce
425 1967 632 2014 Mvnagius.
663 1969 764 2004 Illam
797 1968 945 2003 Bembus
975 1968 1059 2002 Car—

357 2019 488 2054 dinalis
509 2031 526 2053 e
550 2020 826 2055 Provincialium
858 2019 996 2061 Lingua
1022 2017 1062 2051 ad

357 2082 421 2105 nos
464 2068 621 2115 migrasse
673 2070 858 2105 arbitratus
901 2069 973 2104 est.
1018 2058 1131 2102 Et²E

359 2119 518 2165 profe&o
563 2132 581 2153 a
626 2119 905 2154 Provincialibus
948 2120 1064 2153 Poetis

357 2171 496 2213 Tensons
532 2169 796 2214 appellabantur
844 2168 1062 2215 Disputatio-

357 2233 418 2256 nes
455 2219 621 2265 quaedam
660 2219 700 2253 de
731 2222 862 2254 Amore
901 2217 1065 2256 profano.

356 2273 531 2307 Attamen
561 2268 650 2304 nihil
690 2269 783 2304 aliud
821 2269 866 2304 est
901 2272 1065 2312 Tenzone,

358 2321 421 2357 nifi
452 2321 620 2356 Latinum
644 2321 807 2354 Contentio
828 2320 1063 2360 Contentionis,

361 2371 495 2418 abjeehi
541 2370 792 2417 praepositione
836 2373 950 2408 Cum,
996 2368 1064 2404 five

360 2425 427 2457 Con
451 2448 460 2457 .
502 2422 586 2456 Inde
622 2425 803 2465 Tenzonare
827 2447 837 2465 ‚
881 2420 1066 2468 Disputare

702 189 1511 250 AN172UJZ.MED11AEVI

342 258 453 294 currit
494 254 585 291 mihi
624 251 774 299 Al-taff4
798 280 808 296 ‚
855 251 1050 300 fignificans
1079 253 1115 288 A

1175 2131 1323 2163 Tomare.
1364 2133 1505 2164 Cadere.
1548 2128 1648 2164 Labi.

1207 249 1284 298 gius
1312 249 1458 295 Esychii
1494 250 1706 287 Glossarium
1746 210 1913 294 sectili-titi.

1207 309 1260 344 ibi
1287 309 1506 346 offenderunt
1532 302 1687 357 Tm-Ori,
1716 307 1866 359 μοις-ὂς,
1897 324 1914 352 ²¹

1208 361 1379 415 Tpovdcz
1411 368 1494 405 idest
1534 372 1680 404 Mamma
1707 397 1718 415 ,
1762 372 1883 406 Nutrix
1902 397 1911 407 .

1209 418 1299 454 Satis
1336 418 1501 468 superque
1537 418 1571 453 id
1610 418 1700 462 fuit,
1736 431 1775 456 ut
1811 421 1913 456 Itali-

1209 481 1288 504 cum
1317 473 1412 505 Tetra
1438 468 1476 504 &
1504 472 1632 502 Tettare
1661 470 1813 506 Graecae
1840 471 1913 507 ori-

1209 519 1302 568 ginis
1329 520 1393 555 effe
1421 518 1707 567 pronuntiarent.
1746 520 1828 554 Non
1865 521 1916 556 se-

1210 571 1280 605 mel
1308 568 1405 608 dixi,
1435 582 1554 618 parum
1583 568 1684 604 nobis
1712 569 1776 604 effe
1805 568 1916 605 fiden-

1210 619 1291 655 dum
1321 619 1530 664 Gloffiriis,
1567 632 1674 668 quum
1705 619 1916 656 recentiores

1210 670 1336 705 Graeci
1379 671 1507 706 multas
1550 669 1691 705 Italicas
1735 683 1836 706 voces
1879 671 1918 706 in

1211 719 1305 755 suam
1335 720 1510 768 Linguam
1539 719 1765 757 invexerint.
1796 721 1920 769 Itaque

1211 770 1295 818 ajo,
1336 770 1424 805 hanc
1465 784 1484 806 e
1526 770 1734 806 Germanica
1776 772 1917 820 Lingua

1211 821 1275 856 effe
1321 823 1502 869 petendam
1525 848 1535 857 .
1585 824 1676 857 Nam
1724 820 1782 857 etfi
1825 834 1918 857 nunc

1212 875 1313 907 Dutte
1341 873 1495 906 Mamilla
1523 873 1564 907 ab
1591 872 1669 918 ipfis
1697 873 1920 920 appelletur,

1213 933 1345 957 veteres
1383 932 1500 958 tamen
1539 936 1632 958 more
1673 922 1832 958 mutandi
1876 925 1920 958 D.

1212 973 1249 1008 in
1279 977 1317 1008 T.
1346 973 1503 1008 dixerint
1530 977 1625 1008 Tune
1661 974 1694 1008 8<
1732 977 1845 1007 Tene.
1875 975 1922 1008 Et

1212 1037 1331 1059 revera
1363 1025 1470 1073 Angli
1500 1027 1753 1060 Germanorum
1778 1023 1844 1059 filii
1866 1023 1920 1059 di-

1213 1084 1297 1109 cunt
1327 1078 1429 1114 Teat,
1470 1075 1536 1109 five
1564 1079 1643 1110 Tet.
1683 1077 1833 1110 Saxones
1862 1086 1924 1108 an-

1214 1125 1306 1171 tiqui
1337 1126 1455 1159 dixere
1493 1127 1611 1159 Titte:
1649 1124 1771 1160 Franci
1800 1128 1924 1158 Tenon.-

1215 1176 1378 1209 Cambto-
1394 1176 1551 1208 Britanni
1592 1176 1696 1207 Tetb.
1738 1174 1923 1208 Hickefius

1216 1238 1355 1303 ‹fJuoque
1409 1226 1496 1258 hanc
1552 1223 1818 1269 Erymologiam
1869 1224 1924 1258 ol-

1231 1281 1327 1304 eels-

1164 1324 1316 1355 Toccare.
1360 1321 1527 1362 Tangere.
1573 1319 1629 1354 Ab
1672 1318 1746 1354 ipso
1783 1323 1927 1364 Tangere

1216 1368 1394 1405 derivavit
1424 1369 1629 1413 Menagius.
1668 1372 1792 1417 Neque
1821 1384 1836 1405 a
1869 1385 1927 1407 ve-

1217 1434 1256 1457 ro
1294 1421 1457 1455 abhorret
1494 1423 1649 1466 Etymon
1674 1445 1684 1460 ‚
1725 1434 1925 1468 quanquam

1217 1472 1329 1506 multa
1369 1470 1420 1506 ibi
1463 1470 1529 1506 s1nt
1570 1472 1813 1506 immi-anda.
1858 1472 1927 1508 Hi-

1217 1521 1322 1557 ckesii
1355 1535 1462 1569 nuper
1490 1522 1622 1558 laudati
1653 1524 1823 1565 sententia
1855 1522 1929 1568 est,

1216 1577 1346 1607 Toccare
1386 1586 1428 1607 ex
1472 1573 1583 1609 veteri
1625 1573 1780 1608 Gothico
1817 1574 1928 1610 Tekan

1218 1623 1393 1659 manasse.
1427 1624 1577 1671 Antiqui
1608 1626 1758 1659 Saxones
1787 1625 1927 1670 Tykan,

1218 1677 1327 1708 Tacan
1358 1675 1654 1719 pronuntiarunt.
1692 1675 1829 1710 Cimbri
1860 1678 1928 1708 Ta-

1218 1725 1261 1762 kz
1288 1723 1325 1760 ἃ
1354 1725 1480 1761 Ταέῑκι.
1510 1728 1605 1761 Hanc
1634 1736 1746 1761 autem
1779 1724 1927 1768 prodiis-

1221 1775 1253 1810 se
1281 1775 1421 1810 videtur
1448 1775 1485 1810 ὅ(
1515 1776 1691 1811 Gallicum
1722 1777 1867 1819 Toucbe,
1894 1777 1929 1810 8<

1221 1828 1384 1864 Tou-her,
1412 1824 1447 1860 ἃ
1479 1824 1709 1861 Hnsoanicum
1741 1829 1841 1860 Tocar
1896 1826 1931 1860 δι

1224 1876 1466 1912 Britannicum
1494 1887 1524 1909 to
1548 1877 1670 1910 Tausb.
1700 1878 1837 1911 Horum
1862 1877 1930 1911 Po-

1225 1929 1385 1974 pulorum
1429 1926 1631 1968 consensus,
1674 1927 1799 1973 quibus
1838 1927 1929 1962 olim

1222 1977 1423 2012 dominatae
1453 1977 1528 2012 sunt
1560 1987 1678 2025 gentes
1713 1977 1929 2023 Septentrio-

1224 2029 1340 2066 nales.
1378 2028 1550 2075 originem
1591 2028 1690 2075 hujus
1721 2026 1818 2063 vocis
1846 2040 1930 2062 con-

1225 2077 1364 2114 firmare
1391 2079 1552 2115 videtur.

1686 2128 1741 2163 Est
1783 2129 1928 2164 verbum

1227 2180 1468 2227 antiquatum.
1494 2180 1594 2226 Apud
1619 2179 1834 2214 Mutinenses
1856 2193 1931 2225 per-

1227 2231 1328 2265 durat
1371 2229 1516 2274 phrafis‚
1558 2232 1640 2264 Fare
1679 2243 1742 2263 una
1778 2233 1932 2273 Tomma,

1227 2281 1310 2316 idest
1337 2284 1493 2316 saltando
1520 2283 1663 2316 Cadere.
1691 2282 1737 2314 Et
1765 2280 1846 2315 inde
1873 2293 1935 2315 na-

1227 2341 1301 2366 tum
1333 2331 1473 2366 videtur
1497 2331 1751 2366 diminutivum
1782 2330 1836 2365 seu
1865 2330 1931 2365 fre-

1228 2382 1472 2429 quentativum
1516 2384 1716 2422 Tombolare,
1759 2380 1850 2427 quod
1891 2378 1928 2412 in

1229 2431 1289 2468 usu
1325 2432 1394 2467 est.
1434 2434 1592 2468 Bet-tetus
1629 2431 1664 2468 &
1704 2428 1874 2467 Ferrarius
1910 2440 1929 2462 a

361 2486 440 2508 cum
469 2472 609 2519 aliquo·
1143 2370 1153 2504 i
1228 2483 1362 2519 Latino
1399 2485 1543 2526 Twnba,
1578 2482 1667 2526 quasi
1703 2480 1793 2513 idem
1824 2477 1864 2511 fif
1889 2490 1928 2512 ³0

309 2528 428 2562 Tem.
465 2523 640 2563 Mamilla.
675 2522 850 2560 ferrarius
876 2522 910 2559 δι
937 2510 1094 2558 Mena-l
1145 2511 1152 2559 l
1227 2547 1325 2571 mere
1360 2535 1399 2571 in
1435 2535 1633 2571 Tumbam,
1670 2538 1803 2564 traxere
1839 2526 1928 2563 hanc

1734 2590 1855 2614 vocem
1866 2603 1877 2614 ο
