2169 3047
297 233 308 259 Ι

251 234 380 320 ganz,>
399 276 431 310 8<
462 273 603 316 Pestare,
632 273 683 308 uri
713 273 841 310 Tusci.
875 275 959 311 Fuit

251 328 286 362 &
312 325 466 372 antiquis
487 323 586 364 Ptfito
609 335 651 358 ex
673 326 802 368 ΡὶΙανε,
824 326 864 361 de
888 339 958 374 quo

251 376 343 414 infra
369 377 409 410 ad
439 375 582 410 verbum
610 375 761 421 Pigiare‚
790 377 822 410 &
851 377 959 418 Pinfi-

249 438 282 462 to
307 425 565 472 frequentativa
583 452 593 466 ,
630 438 647 460 e
675 425 801 473 quibus
835 427 958 463 deduci

252 476 358 512 etiam
389 476 506 524 potnit
534 475 676 518 Pestare.

198 530 329 573 Ρεζζα,
354 526 408 561 seu
436 530 559 572 Pezz0.
589 527 757 571 Frusium,
784 530 959 575 Fragmen-

250 589 338 616 tum,
367 581 448 612 Pars
475 578 622 625 alicujus
650 577 720 613 rei.
751 579 864 619 Pecia,
892 579 960 614 sive

250 629 345 664 Petia
371 631 409 662 dc
435 638 518 662 terra
547 627 583 663 in
611 628 754 665 chartis
788 629 959 665 barbarici

251 679 330 715 aevi
358 677 547 725 saepiffime
567 680 742 722 occurrit,
768 680 875 715 etiam
902 683 959 716 Se-

251 731 333 766 culo
373 729 502 765 Christi
550 733 680 774 Nono,
727 730 875 766 fortaffis
922 730 959 767 &

252 779 497 830 praecedenti.
533 782 681 830 Gujetus
711 782 744 816 δ(
773 781 960 830 Menagius

252 853 271 876 a
299 841 435 875 Graeco
464 833 640 876 Πτῦφφω
669 841 849 876 Gallicum
886 842 958 876 Pie-

252 904 282 925 ce
318 890 444 937 (idem
488 904 610 938 nempe
652 902 756 940 atque
793 891 959 927 Italicum

251 944 361 986 Pezza
392 942 426 976 &
456 942 588 990 Peg-zo)
625 942 852 978 derivarunt.
891 943 960 978 Hi-

253 991 391 1040 spanica
419 1005 558 1040 quoque
586 992 725 1041 Lingua
755 993 860 1028 habet
886 996 961 1027 Pie-

252 1055 313 1088 <a-
350 1045 379 1078 E
408 1044 526 1078 Gallia
563 1043 659 1079 suum
697 1046 785 1078 Piece
821 1056 960 1091 accepe-

251 1102 333 1129 runt
370 1094 507 1142 Angli.
547 1094 608 1129 Sed
646 1097 818 1129 Graecum
857 1106 959 1128 voca—

251 1144 373 1178 bulum
401 1144 492 1178 nihil
518 1143 613 1177 aliud
641 1142 834 1190 fignificat,
855 1144 960 1189 quam

249 1194 396 1234 Plio-are,
424 1194 639 1235 Compltcare,
669 1205 707 1227 ac
736 1191 882 1241 proinde
909 1206 961 1227 re-

249 1254 406 1290 pugnans
428 1242 464 1277 in
487 1242 574 1277 hanc
598 1241 864 1291 Etymologiam
886 1257 961 1290 per-

250 1292 424 1327 traaum.
452 1295 480 1326 E
506 1293 846 1336 septentrionalibus
873 1295 963 1329 Lm-

251 1341 328 1389 guis
357 1342 397 1375 ad
435 1354 497 1375 nos
527 1344 634 1386 Pezza
662 1341 791 1375 veniffe
824 1342 962 1376 Hitke-

253 1392 317 1426 ssus
335 1392 495 1439 putavit,
509 1403 614 1437 quum
631 1390 667 1426 in
687 1402 842 1426 veterum
858 1393 961 1426 Fran-

253 1455 372 1477 corum
422 1441 562 1490 Lingua
606 1451 767 1476 occurrat
808 1442 963 1486 Blezza,

251 1496 402 1536 Ρίεξῗα,
440 1492 531 1539 quod
561 1492 772 1527 recentiores
800 1493 897 1527 Galli
926 1493 963 1527 in

251 1544 340 1579 Piece
376 1542 573 1578 immutasse
611 1542 821 1588 potuerint.
859 1542 964 1578 Addo

253 1607 318 1642 ego
340 1622 348 1636 ,
387 1592 439 1640 (fi
478 1592 560 1629 fides
598 1593 758 1629 Mathiae
795 1595 964 1629 Cramero

252 1644 409 1680 habenda
436 1644 509 1692 est)
545 1645 775 1680 Germanicae
805 1644 964 1692 Linguae

253 1695 318 1731 effe
346 1696 503 1740 Pletzen,
542 1693 736 1743 significans
769 1699 963 1742 Rappezqa-

252 1758 310 1788 re,
341 1746 531 1789 Resarcire:
569 1746 660 1793 quod
694 1745 867 1793 originem
907 1748 963 1780 Se-

253 1796 528 1844 ptentrionalem
577 1795 783 1831 confirmare
831 1796 938 1843 potest
956 1823 964 1831 .

253 1848 346 1882 Tam
384 1846 478 1881 enirn
516 1845 554 1881 in
592 1845 650 1881 usu
689 1845 758 1882 fuit
787 1850 895 1893 Pezqa
930 1848 966 1881 di

250 1899 336 1936 tela,
361 1897 397 1930 di
423 1907 549 1940 panno,
574 1898 676 1943 quam
705 1901 815 1943 Pezza
841 1899 878 1932 a'i
903 1909 964 1932 ter-

250 1961 342 1984 reno.
369 1947 560 1982 schilterus
585 1961 724 1996 quoque
750 1951 876 1994 Blezqa
902 1962 964 1996 pro

252 1998 362 2033 Pamn‘
393 1998 492 2041 frusto
527 1997 667 2033 invenit
704 1999 802 2046 apud¹
833 2009 964 2034 veteres

252 2050 466 2083 Germanos.
497 2050 525 2083 E
556 2050 668 2093 petia,
697 2048 766 2084 five
793 2053 903 2096 Ρεζζα
929 2051 962 2084 6<

251 2102 358 2145 Pezzo
385 2099 604 2134 efformatum
636 2099 746 2146 postea
771 2097 839 2136 fuit
864 2104 963 2147 spez-

253 2162 353 2194 zare,
392 2149 457 2185 hoc
486 2149 530 2185 est
560 2151 792 2189 comminuere,
824 2151 965 2185 Ridurre

253 2200 288 2235 in
311 2201 414 2246 Ρεεζζὶ
441 2213 511 2236 rern
538 2200 739 2248 quampiam
769 2201 964 2251 integram.

252 2250 428 2287 Additum
454 2264 516 2298 pro
541 2264 636 2287 more
659 2251 863 2287 Italicorum
888 2266 964 2287 ver-

253 2302 298 2336 bo
335 2304 477 2347 Pezzaere
516 2301 606 2337 illud
645 2305 680 2337 5.
719 2311 833 2343 puto.
871 2303 964 2339 Vide

253 2352 540 2388 Differtationern
572 2354 633 2388 IV.
662 2354 700 2387 de
726 2353 848 2398 Officiis
881 2356 963 2389 dom.

253 2405 335 2448 Reg.
351 2403 410 2438 ubi
427 2403 532 2439 attuli
549 2403 717 2440 Chartam
732 2407 840 2440 Anno
853 2404 964 2441 Chri-

254 2451 295 2487 sti
326 2454 556 2489 DCCXXIX.
583 2464 784 2495 exaratam,
821 2456 859 2492 in
896 2468 964 2504 qua

258 2504 367 2548 Pezza
394 2514 492 2538 terrae
520 2516 835 2542 commemoratur.

207 2561 345 2598 Piatto.
381 2563 526 2601 Patina,
562 2566 734 2602 Graecum
771 2556 964 2613 Πλατύς,

547 211 914 257 ΒῘΞΞΞΞῘΞΤΑΉΟ
946 215 972 257 Ί
983 212 1356 259 RrGESJMAE‘ffl
1365 215 1464 255 HA
1477 246 1488 259 .

988 290 990 302 ι
1000 279 1035 313 A

1012 733 1039 766 B

1723 222 1771 262 18

1121 277 1248 320 Largo,
1285 271 1308 307 s1
1336 271 1509 322 Menagio
1537 234 1730 318 credimu{‚
1760 277 1834 314 ori-

1121 338 1166 372 go
1195 323 1317 359 vocis.
1354 325 1437 360 Non
1469 328 1720 363 contemnenda
1751 329 1833 378 opi-

1122 375 1206 411 nio.
1242 377 1416 410 Attamen
1445 376 1599 411 occurrit
1634 377 1712 414 heic
1743 382 1834 416 Ger-

1123 426 1300 461 manicum
1324 426 1440 468 Plau,
1460 424 1516 460 seu
1539 427 1666 462 Plane.
1693 431 1752 465 An
1778 431 1835 467 in-

1122 477 1164 512 de
1191 489 1263 512 vox
1290 475 1383 512 recia
1419 476 1594 521 manarit,
1623 480 1836 526 perpenden-

1125 528 1209 563 dum
1248 527 1317 562 est.
1360 526 1456 562 Hinc
1498 527 1716 573 Pianonata,
1753 531 1840 566 Ic'i'us

1125 579 1274 626 obliquo
1301 577 1379 613 ense
1415 577 1600 623 infinitus,
1638 578 1706 615 five
1737 581 1840 630 plani}

1126 629 1212 664 ensis
1249 627 1449 676 superficie.
1488 629 1543 666 Ita
1579 629 1729 666 dicimus
1768 633 1840 676 Vasa

1121 680 1245 726 piatto,
1273 680 1366 715 Navi
1392 680 1500 714 Piatte
1521 679 1593 718 &mn
1621 681 1687 716 hoc
1714 681 1759 718 est
1783 683 1839 726 fa-

1124 731 1199 765 ciem
1232 731 1390 776 planam,
1422 731 1555 775 planam
1582 733 1727 767 Navim.
1765 732 1838 769 Ita-

1125 794 1192 828 que
1219 781 1326 816 Piam'
1356 782 1550 829 appellatae
1579 783 1724 818 Patinae
1761 785 1837 832 pla-

1126 833 1169 867 na
1198 845 1236 867 ac
1272 832 1344 867 lara
1375 831 1506 880 figura,
1531 832 1572 868 ad
1599 833 1837 871 differentiam

1126 882 1277 918 aliorum
1307 882 1465 918 vasorum
1482 910 1490 920 .

1075 933 1226 978 Piazza.
1253 934 1392 969 Platea.
1431 933 1523 971 Vide
1551 934 1842 973 Differtationem

1128 986 1224 1019 XIX.
1250 986 1289 1019 de
1316 985 1485 1021 Tributis.

1073 1034 1239 1071 Piccante.
1266 1035 1358 1071 Vide
1380 1035 1479 1085 supra
1506 1035 1543 1072 in
1566 1037 1738 1074 vocabulo
1759 1041 1840 1073 Eece

1125 1098 1180 1120 00-

1072 1133 1182 1170 Picca.
1203 1135 1305 1176 Hasta
1322 1136 1466 1181 peditum
1482 1139 1671 1184 praelonga.
1695 1140 1729 1173 A
1751 1142 1841 1173 Pun-

1119 1197 1194 1231 gere
1234 1197 1294 1232 per
1330 1184 1555 1221 incredibiles
1593 1187 1698 1222 saltus
1736 1188 1842 1224 effor-

1124 1242 1255 1270 matam
1289 1247 1413 1271 vocem
1453 1235 1642 1285 Menagius
1679 1238 1840 1276 censuit,

1125 1287 1179 1319 At
1207 1298 1327 1332 puram
1357 1296 1479 1332 putam
1506 1287 1595 1322 hanc
1624 1302 1772 1332 vocem,
1806 1292 1842 1326 ὃς

1125 1334 1266 1379 quidem
1313 1334 1389 1368 suae
1427 1334 1587 1383 Linguae
1629 1339 1840 1386 propriam,

1124 1383 1293 1418 Germani
1315 1384 1481 1427 credunt,
1509 1386 1592 1422 idest
1613 1389 1708 1426 Picke
1727 1390 1760 1424 &
1781 1391 1842 1425 Pi-

1124 1434 1181 1470 ke.
1203 1435 1388 1470 Turnebus
1411 1449 1429 1470 a
1456 1437 1591 1473 Latino
1611 1440 1739 1485 Spin-are
1767 1451 1840 1477 tra-

1124 1484 1181 1519 xit
1217 1485 1339 1519 Pisca:
1376 1485 1430 1520 sed
1469 1487 1583 1524 minus
1622 1493 1840 1537 commode,

1123 1544 1163 1570 ut
1191 1535 1330 1570 Voffius
1357 1537 1630 1575 animadvertit.
1660 1544 1837 1579 Ferrarius

1124 1598 1143 1620 a
1170 1587 1354 1632 Spiculum.
1385 1587 1535 1634 Hispani
1564 1603 1725 1637 quoque,
1754 1596 1842 1629 Gal-

1124 1635 1174 1679 li,
1208 1636 1342 1684 Angli,
1381 1638 1414 1671 &
1454 1639 1581 1686 Belgae
1614 1642 1757 1678 eandem
1798 1658 1838 1679 u-

1125 1685 1265 1733 surpant
1294 1700 1436 1723 vocem.
1467 1690 1618 1726 Proinde
1641 1691 1701 1727 vix
1733 1694 1841 1730 aliam

1124 1736 1249 1772 statuas
1286 1737 1385 1774 illius
1419 1739 1618 1788 originem,
1656 1742 1718 1779 nifi
1753 1747 1842 1781 Ger-

1126 1787 1322 1827 manicam,
1352 1798 1410 1825 aut
1438 1791 1638 1829 Celticam.

1073 1838 1254 1874 Pt'cchiare.
1284 1840 1433 1884 Pulsare,
1460 1842 1610 1879 Pultare.
1639 1844 1694 1880 Ita
1714 1859 1840 1882 vocem

1125 1888 1213 1924 hanc
1235 1891 1421 1939 Menagius
1445 1905 1463 1928 e
1483 1892 1739 1932 deformatione
1760 1909 1840 1932 ver-

1124 1939 1161 1975 bi
1190 1944 1300 1987 Panga
1327 1942 1484 1979 derivat.
1512 1947 1648 1992 Fungo,
1675 1947 1841 1993 PunHus,

1123 1989 1284 2026 Pum‘Jare
1298 2016 1308 2031 ‚
1347 1996 1513 2038 Puncare,
1550 1999 1704 2038 Puccure,
1732 1999 1844 2034 Picca-

1123 2054 1180 2080 re,
1209 2042 1355 2077 Piculare
1372 2071 1381 2086 ‚
1412 2045 1598 2082 Piccht'are.
1635 2048 1727 2094 Quis
1767 2063 1842 2085 cre-

1124 2090 1207 2127 dat?
1247 2092 1360 2133 Vide,
1395 2106 1438 2128 an
1475 2095 1594 2143 potius
1631 2111 1650 2133 a
1688 2099 1843 2135 Latino-

1125 2155 1201 2177 rum
1239 2156 1303 2178 ave
1332 2144 1427 2179 Picus
1458 2158 1528 2181 vox
1566 2146 1626 2182 ista
1663 2150 1841 2186 manarit.

1124 2194 1228 2228 Hanc
1249 2193 1373 2228 Piccbio
1396 2208 1487 2232 nunc
1508 2197 1618 2233 Tusci
1639 2201 1840 2246 appellant.

1126 2245 1334 2293 Notumque
1355 2245 1422 2290 est,
1444 2246 1644 2294 pulsatione
1665 2250 1764 2287 illius
1784 2266 1841 2287 ro-

1125 2293 1182 2329 stri
1213 2295 1350 2331 arbores
1389 2297 1576 2345 perforari.
1614 2302 1648 2335 A
1679 2302 1754 2336 Pico
1780 2303 1841 2336 Pi-

1125 2358 1214 2387 care,
1250 2344 1288 2383 &
1320 2348 1488 2393 Pie-ulan,
1518 2352 1664 2393 Pit-lare,
1694 2352 1840 2387 Picchia-

1124 2409 1176 2433 re.
1213 2399 1290 2434 Aut
1326 2411 1345 2433 a
1377 2399 1495 2436 Picken
1525 2402 1759 2448 Germanico,
1796 2402 1838 2437 sl-

1086 2467 1088 2469 ·
1124 2447 1316 2496 gnificante
1345 2452 1492 2486 Beccare.
1524 2453 1615 2488 Vide
1645 2452 1743 2502 supra
1773 2467 1837 2489 vo-

1086 2510 1090 2512 ·
1125 2500 1290 2536 cabulum
1319 2502 1459 2541 Becco„

1074 2548 1241 2596 Pinguia,
1272 2552 1408 2586 Veneta
1436 2563 1530 2590 vox.
1558 2553 1753 2602 Fidejuffiei,
1781 2553 1838 2592 seu

1145 2625 1314 2660 Mmm
1370 2637 1390 2661 2
1698 2633 1786 2666 Cau-
