2169 3047
256 238 342 278 933

250 292 304 320 to,
333 279 370 316 ὅ(
410 276 627 320 Κίησρνοσσὶο,
667 275 797 312 Latine
837 279 960 323 Expro—
994 276 1028 311 A

250 332 375 372 larario,
402 327 610 373 Objurgatio.

200 383 334 428 Quello.
363 380 447 422 Ille,
477 388 535 413 aut
563 378 675 412 Illud.
713 377 746 413 Si
786 379 959 414 castelve-

252 442 342 466 trum
387 428 578 470 audimus,
621 428 849 475 compositum
894 430 963 465 fuit

251 483 449 516 Pronomen
489 479 572 514 istud
613 493 654 514 ex
697 483 759 514 Hoc
787 481 818 515 8(
851 482 962 517 Illud.

250 532 503 568 castelvetrum
540 530 702 573 sequutus
730 531 774 566 est
801 530 961 567 Citradi-

250 585 354 618 nius.
399 584 526 616 Vestini
572 581 757 629 Menagius
800 596 841 617 ex
883 586 962 618 Em

251 636 338 675 Ille,
378 634 488 667 traxit
526 633 659 677 ‚Qu-llo.
698 632 752 668 Sit
788 634 862 668 laus
903 647 959 669 eo-

251 698 326 720 rum
358 683 591 731 corjcsshms,
621 683 746 730 quibus
775 683 812 720 ἃ
849 698 960 720 meam

252 735 435 782 adjungere
465 736 588 769 liceat.
622 736 744 782 Itaque
771 735 900 783 opinor
926 749 960 771 e-

251 799 314 834 go.
347 800 387 821 ex
418 789 485 832 ‚Qut
516 785 574 819 Ille
601 785 821 821 efformatum
862 786 961 822 fuisse

250 849 441 885 pronomen
487 835 636 871 nostrum
680 838 825 883 Quale,
868 838 961 886 quod

250 889 403 935 primum
450 887 555 923 fuerit
597 888 861 934 pronuntiatum
903 902 962 937 per

249 940 278 973 Ι.
307 940 445 984 Quillo,
478 938 771 985 quemadmodum
800 939 838 975 in
869 942 960 975 Nea—

250 989 409 1037 politana
458 988 621 1025 Dialee’co
669 990 810 1026 effertur
851 990 961 1026 adhuc

251 1052 312 1087 per
353 1042 484 1080 chillo,
526 1054 565 1075 ac
609 1040 747 1075 tandem
792 1054 809 1076 a
860 1041 961 1076 nobis

251 1091 455 1127 conversum
486 1091 659 1128 exstiterit
685 1091 721 1126 in
744 1092 878 1137 „dellm
907 1091 961 1126 Ita

250 1139 476 1176 Cirtadinius
528 1155 571 1176 ex
613 1142 676 1174 Hic
715 1142 776 1182 Iste
815 1141 962 1175 deduxit

248 1191 387 1233 Qnesto.
426 1192 481 1224 At
511 1188 600 1223 mihi
632 1189 705 1224 veri
745 1189 885 1224 videtur
921 1191 958 1226 si-
992 1201 1036 1227 n

247 1239 396 1279 milius,
438 1253 480 1276 ex
523 1241 593 1286 ‚Qui
635 1240 694 1282 Iste
736 1240 925 1287 proceffifl‘e
952 1268 961 1283 ‚

248 1289 339 1323 unde
377 1290 609 1333 Neapolitani
649 1290 745 1323 suum
778 1291 885 1331 Chisto
913 1293 960 1326 ef-

248 1336 467 1380 formarunt,
507 1338 568 1385 qui
597 1335 635 1371 δε
665 1337 794 1372 habent
830 1339 963 1385 cbcffo,

249 1398 311 1423 aut
352 1386 476 1433 Chiffo,
519 1388 573 1424 uti
615 1386 768 1435 suspicor
811 1402 853 1424 ex
894 1392 963 1435 ,Qui

249 1438 341 1482 Ipse.
371 1439 534 1475 Nostrum
566 1452 706 1487 quoque
733 1440 858 1481 Codesio
894 1440 988 1476 five*

250 1490 369 1532 Cotesto
395 1503 438 1526 ex
466 1493 563 1538 ,Quod
589 1492 701 1534 Istud,
730 1490 829 1526 fuiffe
856 1491 961 1528 dedu-

250 1540 346 1576 &um
377 1541 536 1579 videtur.
575 1544 698 1590 Atque
726 1540 809 1577 haec
837 1543 962 1579 dixisse

249 1591 421 1632 licuerit,
450 1593 643 1629 dummodo
671 1592 829 1642 Majores
857 1594 962 1630 nostri

250 1655 322 1678 non
360 1644 672 1690 pronuntiaverint
710 1646 769 1679 Ille
805 1645 839 1679 &
877 1646 962 1690 Iste,

249 1693 344 1741 quasi
395 1707 474 1730 cum
523 1695 735 1744 aspiratione
759 1722 769 1739 ‚
826 1694 964 1733 scilicet

249 1745 364 1789 Hille,
392 1746 510 1788 Histe:
548 1756 631 1783 tunc
658 1746 776 1790 enim,
806 1755 845 1781 ut
872 1747 963 1784 infra

249 1795 388 1841 dicam,
417 1797 508 1832 illud
536 1801 580 1833 H.
610 1797 765 1833 evafiffet
792 1800 865 1832 CH.
897 1799 962 1834 Vi—

248 1845 286 1882 di
314 1846 352 1882 in
382 1856 538 1883 veterum
568 1848 762 1885 codicibus
791 1851 895 1889 Hem,
925 1849 962 1887 &

248 1897 328 1932 Hiis
370 1897 563 1946 scriptum,
606 1912 677 1935 non
719 1900 802 1935 vero
844 1901 961 1946 Histe,

250 1956 310 1983 aut
338 1949 454 1984 Hille.

198 1999 288 2045 ρκ’.
327 1999 426 2043 Heio,
464 2003 530 2036 Hoc
571 2001 604 2035 in
645 2002 728 2037 loco.
767 2003 825 2038 Ab
867 2005 962 2037 Ecce-

251 2049 340 2089 Ht'c,
368 2050 469 2094 Coie,
505 2051 582 2091 Coi,
620 2053 688 2098 Qui
725 2066 784 2101 per
820 2053 962 2089 consue-

250 2108 303 2135 tas
345 2100 450 2137 scalas
497 2101 571 2138 suas
613 2103 820 2140 descendisse
862 2113 962 2152 putat

250 2151 459 2201 Menagius.
489 2155 528 2188 In
557 2166 592 2189 re
622 2153 756 2200 prorsus
780 2154 871 2190 mihi
899 2156 962 2191 ob-

250 2202 346 2238 scura
376 2213 415 2239 ut
442 2203 576 2251 aliquid
606 2204 743 2249 dicam,
787 2205 890 2250 vide,
917 2218 961 2240 an

250 2263 385 2289 veteres
406 2253 529 2290 dixisse
551 2254 666 2303 primo
696 2255 876 2302 potuerint
898 2257 961 2291 Hic

251 2305 373 2341 addito
411 2307 437 2340 Ι.
477 2318 600 2353 nempe
638 2306 756 2351 Hichi,
794 2307 887 2353 quod
925 2321 960 2343 a-

252 2358 319 2404 pud
349 2359 499 2392 Francos
527 2355 632 2392 evasit
661 2359 736 2404 Icy.
774 2360 867 2393 Tum
906 2357 960 2393 di-

251 2408 352 2442 misso
382 2409 449 2451 Hi,
478 2406 686 2443 retinuerint
714 2409 796 2449 Chi,
826 2409 877 2445 uti
902 2409 960 2444 ad-

252 2455 320 2492 huc
350 2458 566 2494 Mut³nenses
596 2459 856 2507 pronuntiant3
898 2459 961 2495 alii

254 2509 338 2541 vero
385 2509 507 2546 ltiliae
551 2510 676 2558 Populi
719 2510 961 2546 converterint

253 2557 316 2603 §bi
343 2557 381 2594 in
408 2561 496 2608 Qui.
523 2560 583 2597 Ad
610 2574 734 2600 vocem
754 2561 836 2607 Guso
862 2560 961 2611 supra

1004 739 1031 774 B

986 1683 987 1690 ἵ
994 1642 1029 1676 D

995 2099 1024 2132 E

543 216 908 261 Drass‘fifz‘rzffio
940 209 1481 258 TRJ'GESJMATERTJAE

1034 290 1039 379 Ι

1684 228 1772 266 934

1120 269 1276 313 ostendi,
1306 270 1561 304 Germanorum
1594 283 1690 306 more
1719 274 1763 306 H.
1792 269 1831 306 in

1121 335 1248 358 vocum
1277 319 1387 356 initio
1418 333 1476 366 per
1504 323 1575 355 CH.
1615 321 1710 370 saepe
1750 335 1831 368 pro-

1120 374 1323 409 nuntiatum
1348 369 1466 406 fuisse.
1487 371 1671 407 Germanis
1693 371 1738 407 est
1761 371 1830 416 Hi,

1120 425 1211 461 idem
1242 432 1348 471 atque
1379 422 1587 458 Latinorum
1618 422 1718 456 Heia.
1761 427 1831 458 At-

1120 484 1238 511 tamen
1268 472 1411 522 praestat
1432 471 1543 507 adhuc
1564 470 1747 508 obscuram
1768 486 1830 508 vo-

1120 527 1170 563 cis
1197 525 1372 574 originem
1403 521 1589 560 arbitrari.

1400 626 1503 720 R

1171 780 1375 827 Abbuffare.
1403 778 1496 815 Vide
1525 777 1624 827 supra
1651 778 1805 825 Buffare.

1198 837 1410 868 Raccontare.
1448 833 1630 865 Enarrare.
1669 828 1831 864 Primiti-

1120 897 1201 919 vum
1232 884 1334 932 hujus
1363 880 1458 918 verbi
1482 880 1527 915 est
1549 884 1708 920 comare,
1736 878 1831 927 quod

1117 935 1210 971 idem
1241 933 1432 983 fignificat.
1469 934 1590 978 Quum
1627 934 1762 965 Contare
1789 929 1832 964 fi-

1117 985 1265 1036 gnificat
1307 989 1522 1024 Enumerare,
1560 982 1681 1031 procul
1722 980 1832 1016 dubio

1117 1051 1135 1072 a
1174 1037 1309 1073 Latino
1352 1040 1539 1082 Computare
1582 1031 1738 1081 prodiit.
1776 1034 1832 1067 At

1117 1087 1176 1122 ubi
1219 1091 1362 1122 Narrare
1386 1100 1401 1121 .·
1442 1085 1548 1121 aliam
1591 1083 1724 1118 fontem
1769 1082 1832 1118 ha-

1117 1137 1225 1172 buiffe
1254 1137 1461 1172 censendum
1484 1135 1549 1169 est.
1578 1134 1717 1168 Gallica
1740 1132 1832 1168 Lin-

1115 1200 1181 1232 gua
1221 1186 1362 1235 usurpat
1399 1189 1514 1219 Conter
1549 1185 1671 1218 eodem
1709 1182 1832 1230 sensu3

1115 1237 1170 1273 sed
1199 1237 1299 1273 fimul
1338 1236 1443 1272 habet
1469 1238 1589 1276 Come,
1618 1245 1688 1280 quo
1725 1246 1834 1268 voca-

1115 1289 1200 1322 bulo
1237 1287 1453 1333 fignificatur
1480 1283 1665 1320 conflans
1702 1283 1834 1327 aliquis

1116 1336 1235 1378 casus,
1259 1335 1327 1370 five
1353 1335 1505 1369 Fabula.
1533 1333 1607 1377 Qui
1636 1332 1833 1368 fabulosum

1116 1385 1309 1434 quidquam
1348 1384 1552 1427 enarrabat,
1584 1382 1722 1418 fortaffe
1759 1383 1833 1432 pri-

1116 1450 1176 1472 mo
1218 1436 1332 1472 dietus
1369 1435 1414 1471 est
1454 1437 1598 1476 coum,-
1634 1446 1673 1469 ac
1710 1436 1831 1470 eadem

1116 1501 1188 1523 vox
1217 1487 1343 1523 deinde
1371 1486 1539 1522 translata
1567 1484 1607 1520 ad
1633 1483 1834 1520 cuiuscum-

1116 1552 1185 1586 que
1227 1538 1276 1574 rei
1320 1537 1578 1573 narrationem.
1616 1537 1671 1570 Ita
1707 1536 1833 1570 Chance

1118 1588 1236 1636 (quod
1281 1587 1378 1636 supra
1413 1586 1595 1633 vidimus)
1632 1585 1832 1633 significans

1116 1639 1386 1682 Avvem'mento,
1423 1636 1598 1686 originem
1627 1636 1726 1671 dedit
1753 1633 1832 1672 νεῖ-

1080 1705 1082 1707 ’
1117 1691 1162 1726 bo
1191 1691 1375 1726 Cianciare.
1413 1689 1478 1725 Sed
1512 1701 1617 1735 quare
1644 1690 1744 1721 Come
1771 1700 1833 1734 ap-

1117 1743 1247 1790 pellata
1284 1756 1303 1777 a
1342 1740 1485 1777 Francis
1521 1736 1677 1774 fabulosa
1713 1750 1832 1774 narra-

1118 1792 1193 1829 tio?
1225 1792 1263 1828 Id
1292 1792 1382 1828 mihi
1410 1792 1575 1841 ignotum
1593 1816 1601 1825 .

1067 1849 1252 1891 Ragazzo.
1289 1847 1409 1879 servus
1445 1843 1487 1878 ad
1515 1841 1604 1877 vilia
1640 1839 1832 1875 ministeria.

1119 1894 1318 1931 adhibitus.
1356 1894 1494 1930 Mirum
1532 1892 1717 1931 videatur,
1749 1889 1833 1937 quei

1119 1946 1308 1993 Menagius
1345 1954 1484 1981 tantum
1521 1944 1598 1980 suae
1636 1940 1834 1990 phantasiae

1121 1997 1319 2045 permiserit
1344 2024 1354 2041 ‚
1396 2007 1437 2032 ut
1472 2010 1514 2032 ex
1555 1997 1657 2029 Verna
1697 1992 1834 2028 Larino

1122 2048 1343 2083 efformatum
1366 2047 1499 2096 putarit
1519 2058 1589 2081 non
1617 2036 1727 2079 sorum
1749 2046 1835 2077 Gar-

1122 2112 1219 2140 zone,
1249 2098 1302 2134 sed
1331 2097 1368 2134 δι
1396 2102 1556 2142 Ragazzo
1583 2095 1773 2137 Italicum,
1798 2094 1834 2129 &

1121 2149 1302 2184 Gallicum
1331 2149 1492 2195 Laquais.
1524 2149 1565 2182 In
1593 2146 1669 2193 ejus
1697 2143 1837 2179 senten-

1122 2199 1174 2236 tia
1221 2198 1432 2235 confutanda
1475 2204 1567 2234 non‘
1593 2194 1834 2232 immorabor.

1123 2250 1224 2286 Certi
1252 2249 1387 2297 aliquid
1415 2264 1458 2285 ne
1485 2263 1551 2298 ego
1584 2246 1729 2295 quidem
1756 2244 1835 2280 heic

1124 2301 1255 2337 habeo.
1283 2301 1505 2349 Suspiciones
1530 2295 1778 2335 tantummodo
1800 2309 1837 2331 e·-

1123 2375 1263 2399 xeram.
1303 2361 1359 2396 Est
1386 2359 1529 2396 Graecis
1561 2351 1701 2403 P‘oc'xn,
1740 2356 1836 2390 Rha-

1123 2427 1177 2453 ca,
1207 2414 1265 2448 vel
1294 2417 1411 2455 Ruga,
1441 2410 1636 2459 significans
1665 2420 1771 2456 genus
1799 2420 1837 2442 a-

1123 2463 1247 2513 liquod
1276 2462 1388 2498 Vestis
1417 2462 1529 2505 vilis,
1558 2458 1750 2508 pannosae,
1771 2456 1837 2509 ‘seu

1123 2516 1255 2551 lacerae
1279 2541 1288 2558 ‚
1337 2513 1434 2559 cujus
1476 2513 1611 2548 mentio
1653 2509 1702 2544 est·
1745 2508 1836 2556 apud

1124 2565 1316 2613 Scriptores
1345 2566 1519 2600 Graecos.
1548 2558 1731 2601 Honorius
1760 2561 1839 2596 Au-

1216 2616 1252 2661 N
1280 2627 1303 2653 n
1329 2627 1352 2651 n
1405 2626 1429 2663 a
1669 2609 1783 2662 gustus
