2169 3047
447 229 524 278 κός
744 223 1150 282 AN'J'JQUJT.

382 284 550 316 Commune
585 282 716 317 Paduae
750 284 834 318 omni
867 298 951 320 anno
990 287 1066 320 dare
1091 295 1137 318 te-

380 343 492 367 neatur
531 346 567 367 ac
601 333 798 379 praesentare
844 335 875 369 in
902 335 991 370 dic'la
1025 336 1078 370 die
1104 336 1137 369 in
1172 340 1173 343 ’

383 383 444 417 Via
468 382 595 426 publica
621 383 655 418 in
683 384 782 418 medio
808 387 902 420 Prati
930 386 1034 420 Vallis
1052 385 1139 421 duo-

382 431 498 468 decim
529 433 668 469 brachia
705 434 913 476 Scharletti,
951 435 988 472 δε
1031 449 1137 472 unum

383 483 620 531 Spariverium
634 512 644 528 ,
665 485 760 532 cujus
782 485 931 533 pretium
953 500 1022 521 non
1039 500 1138 522 exce-

387 533 448 569 dat
475 534 644 570 summam
675 536 857 571 Soldorum
877 537 1076 584 sexaginta,
1104 539 1138 572 8<

383 583 468 620 duas
495 585 730 630 Cyrofflecas,
767 587 808 621 ad
836 587 928 633 quod
965 587 1138 624 Scharlet-

384 642 459 670 turn
478 659 489 675 ‚
539 635 773 682 Spariverium
834 637 868 671 δε
923 637 1138 682 cyrothecas

383 686 683 733 praeoccupandas
723 699 857 722 currere
893 687 1040 723 debeant
1068 690 1138 724 De-

383 736 511 772 xtrarii
539 745 618 771 ante
638 735 806 786 Miffam3
835 736 873 773 δε
892 738 1013 781 illius,
1041 739 1138 786 cujus

380 784 490 822 fuerit
526 786 758 831 Dextrarius,
794 787 856 836 qui
893 788 1025 836 primus
1065 803 1137 825 me-

381 844 457 871 tam
494 835 609 872 cursus
645 836 827 886 attigerit,
875 837 915 874 fit
965 837 1137 876 Scharlet-

382 893 460 921 tum
498 886 749 935 praediffium:
791 887 829 925 &
869 888 998 933 illius,
1040 891 1136 939 cujus

383 934 489 972 fuerit
519 937 746 982 Dextrarius,
773 938 836 986 qui
873 939 1036 975 secundus
1065 955 1135 976 me-

381 995 457 1021 tam
485 986 599 1022 cursus
627 987 808 1034 attigerit,
836 988 875 1024 fit
897 990 1131 1035 Spariverius:

379 1036 414 1070 3<
443 1035 528 1080 ille,
556 1037 652 1086 cujus
682 1039 887 1075 Dextrarius
915 1039 1045 1084 fuerit,
1074 1041 1135 1087 qui

379 1086 489 1126 tertio
515 1088 596 1122 loco
625 1088 751 1124 vicerit
778 1089 815 1124 in
844 1090 1011 1125 currendo
1027 1118 1038 1134 ‚
1074 1090 1134 1126 ha-

380 1136 460 1172 bere
487 1136 610 1172 debeat
651 1135 890 1182 cyrothecas.
927 1139 980 1175 Ita
1017 1150 1134 1176 tamen

379 1186 474 1233 quod
502 1200 635 1223 currere
663 1200 734 1223 non
761 1188 883 1225 debeat
920 1190 961 1224 ad
999 1190 1133 1226 cursum

380 1236 597 1285 praediRum
635 1239 840 1276 Dextrarius
881 1239 1032 1288 aliquis,
1073 1242 1134 1289 qui

379 1300 450 1322 non
494 1287 598 1324 fuerit
640 1288 835 1326 aestimatus
877 1291 1002 1327 Libras
1030 1292 1133 1338 quin-

379 1337 548 1386 quaginta
585 1352 645 1388 per
679 1340 835 1383 Judicem
875 1342 930 1375 vel
972 1342 1131 1377 Militem

381 1388 584 1424 Potestatis.
612 1392 659 1423 Et
685 1391 801 1424 diuum
826 1391 950 1433 Festum
970 1391 1052 1432 sicut
1071 1395 1133 1426 Fe-

371 1438 457 1481 stum
483 1439 629 1486 Apostoli
654 1439 820 1474 celebretur
835 1467 843 1475 .

431 1490 555 1536 Neque
597 1490 733 1525 tantum
787 1493 966 1538 Equorum
1019 1491 1134 1527 cursus

378 1539 468 1574 olim
499 1540 712 1580 habebatur,
750 1540 803 1576 sed
840 1543 872 1576 &
912 1543 1135 1587 Hominum,

377 1590 605 1625 Feminarum
632 1617 642 1633 ‚
689 1589 920 1627 Meretricum
948 1619 958 1636 ,
1009 1593 1134 1628 Asmo-

377 1652 456 1675 rum
485 1638 554 1676 &c.
586 1642 715 1676 Dantes
758 1640 959 1690 Aligherius
996 1643 1137 1680 circiter

377 1691 528 1726 Annum
579 1693 784 1728 MCCCIV.
835 1692 918 1729 haec
964 1692 1135 1730 scribebat

379 1741 472 1789 Cap.
504 1743 581 1775 XV.
609 1740 768 1778 Inferni:

428 1815 491 1850 Poi
512 1815 542 1856 si
566 1817 677 1862 parti,
702 1829 718 1848 e
744 1827 843 1861 parve
868 1818 905 1851 di
930 1820 1046 1859 coloro,

481 1868 548 1899 Che
567 1879 686 1899 corrono
703 1881 721 1901 a
740 1871 857 1901 Verona
868 1867 892 1900 ’l
909 1871 1028 1915 drappo
1043 1873 1139 1906 verde

481 1918 543 1952 Per
568 1916 602 1950 la
628 1929 799 1965 campagna
825 1931 864 1953 ec.

380 1993 482 2036 Quae
520 1991 623 2026 verba
659 1991 710 2027 ita
752 1994 908 2036 explicat
935 1996 1137 2033 Benevenu-

380 2049 437 2077 tus
468 2041 643 2077 [molenfis
670 2042 742 2089 ejus
781 2045 915 2080 Saeculi
953 2048 1135 2096 Scriptor‚

378 2090 420 2126 in
447 2089 726 2128 Commentariis
755 2093 789 2129 in
820 2095 885 2130 hoc
912 2109 1015 2140 opere
1042 2112 1060 2133 a
1082 2111 1137 2133 me
1164 2104 1206 2143 j!

380 2141 580 2189 evulgatis:
610 2144 671 2178 Ad
691 2145 771 2190 quod
797 2146 950 2184 [ciendum
968 2148 1031 2190 ell,
1057 2152 1138 2195 quod
1165 2149 1166 2156 ¹

372 2191 410 2226 a’n
436 2192 581 2226 Ciuitate
617 2196 752 2228 Veronae
779 2195 820 2235 esl
839 2197 1017 2233 consuetudo
1032 2227 1040 2239 ,
1057 2201 1138 2244 quod

374 2243 543 2276 annuatim
581 2243 661 2284 ides}
702 2244 807 2289 prime?
848 2248 1014 2282 Dominicd
1042 2253 1135 2295 ‚Qua-

374 2292 566 2338 dragesimae
594 2305 720 2329 currunt
759 2297 907 2331 Homines
947 2300 1065 2344 pedites
1092 2301 1137 2334 ad

377 2355 474 2376 smum
500 2344 642 2379 Pallium
677 2345 782 2380 viride
823 2348 985 2383 certatim.
1026 2352 1136 2396 Itaque

376 2391 425 2427 ibi
451 2393 580 2428 videtur
608 2397 746 2431 maxima
765 2397 904 2436 celeritas
925 2402 1133 2437 currentium.

378 2445 474 2478 Hunc
512 2456 614 2480 autem
664 2447 769 2482 aequm
822 2449 950 2484 viderat
992 2453 1134 2495 Dantes,

377 2496 503 2539 quando
521 2495 612 2538 stetit
641 2500 793 2534 Veronae.
821 2499 926 2544 Quod
948 2500 1053 2536 etiarn
1076 2515 1134 2550 pe-

378 2544 509 2579 culiare
549 2559 668 2582 eorum
719 2557 916 2596 temporum
963 2550 1032 2586 fuit
1056 2579 1067 2593 ‚
1109 2551 1133 2587 fi

378 2593 516 2640 quando
542 2597 699 2647 prospere
725 2612 777 2635 res
805 2599 931 2638 bellica
966 2602 1128 2642 cedebat,

1200 224 1433 268 MEDJJ
1479 229 1656 270 Arm
1869 243 1950 288 164

1181 291 1216 325 A
1252 284 1302 320 ita
1331 294 1369 321 ut
1387 285 1495 321 hostes
1516 296 1721 336 cogerentur
1742 288 1773 324 se
1795 288 1887 326 intra
1908 304 2004 326 moe·
2022 311 2026 314 -

1252 336 1309 371 nia
1336 336 1413 372 suae
1440 336 1612 373 Civitatis
1649 339 1882 385 concludere,
1918 350 2003 376 tunc

1252 386 1366 422 vicior
1406 386 1444 422 in
1483 401 1601 424 eorum
1637 390 1864 437 opprobrium
1892 401 2004 427 certa-

1252 449 1331 472 men
1367 451 1536 486 equorum
1577 440 1767 476 deducebat
1816 441 1921 489 usque
1960 441 2002 477 ad

1252 498 1366 534 portas
1407 489 1614 536 trepidantis
1653 490 1782 526 Urbis.
1827 494 2003 527 Nummos

1251 550 1387 584 quoque
1417 539 1495 581 ibi,
1531 540 1623 586 quali
1666 540 1701 575 in
1732 541 1781 576 sui
1809 542 1895 588 juris
1922 544 2004 578 loco

1251 588 1512 635 percutiebant,
1549 591 1686 635 aliaque
1714 591 1854 626 ridenda
1884 606 2002 639 perpe-

1250 638 1454 672 trabantur.
1491 641 1598 673 Anno
1634 641 1880 676 MCCLXIH.
1910 641 2006 677 Pisa-

1250 687 1311 726 ni,
1340 696 1378 723 ut
1405 688 1449 722 est
1477 688 1514 723 in
1542 702 1661 724 eorum
1693 691 1889 726 Annalibus
1911 705 1928 726 a
1950 705 2004 728 me

1184 742 1211 776 B
1249 737 1353 773 editis
1391 740 1509 773 Torno
1539 741 1600 774 VI.
1631 742 1708 776 Rer.
1743 741 1897 776 Italicar.
1929 755 2005 789 pag.

1253 799 1334 835 195.
1362 788 1467 835 usque
1495 789 1534 824 ad
1564 791 1680 826 Lucae
1719 800 1831 836 portas
1869 794 2004 828 exerci-

1249 847 1286 873 tu
1314 837 1374 874 suo
1402 849 1647 887 penetrarunt,
1675 841 1731 874 ulti
1757 843 1800 874 ad
1823 852 2003 886 perpetuam

1248 888 1292 922 rei
1329 891 1526 932 memoriam,
1565 892 1607 924 (9·
1635 891 1742 924 laudis
1769 892 1885 932 nostrae
1911 903 2004 938 prae-

1247 939 1386 982 conium,
1429 939 1475 977 &¹
1511 940 1760 980 adversariorum
1781 941 2004 986 sempiternum

1246 990 1462 1034 opprobrium,
1513 989 1558 1028 ά*
1601 992 1644 1024 ad
1680 991 2004 1036 superabundantiam

1246 1039 1397 1081 ultionis,
1427 1042 1589 1075 Monetam
1617 1041 1748 1082 nosiram
1784 1055 1898 1076 novam
1924 1043 2004 1076 duo-

1247 1102 1313 1122 rum
1350 1090 1525 1123 solidorum
1566 1104 1631 1124 cum
1673 1091 1859 1137 impreffione
1886 1092 2004 1134 nostrae

1246 1138 1389 1172 vic'Zricis
1408 1140 1554 1184 ,Aquilae
1574 1152 1731 1175 coronatae
1758 1143 1826 1175 cudi
1849 1142 2002 1186 fecimus,

1175 1191 1209 1228 C
1247 1188 1292 1227 ,ξφ
1329 1190 1525 1235 quamplures
1573 1204 1668 1225 novos
1716 1192 1843 1225 Milites
1880 1192 2005 1237 cingulo

1248 1252 1347 1273 novae
1387 1240 1537 1274 Militiae
1576 1241 1736 1276 decorari.
1787 1242 2003 1287 Q·eadrellos,

1243 1290 1479 1335 sagittamina‚
1521 1290 1566 1328 ἔφ’
1606 1292 1718 1337 virgas
1758 1294 1928 1326 Sardorum
1969 1291 2004 1326 in

1248 1340 1423 1374 Civitatem
1452 1344 1611 1375 Lucanam
1636 1341 1747 1386 projici
1778 1342 1931 1385 fecimus,
1967 1356 2005 1376 ex

1249 1390 1360 1435 quibus
1382 1391 1480 1436 supra
1508 1405 1607 1425 muros
1635 1391 1681 1429 ό*
1708 1391 1741 1426 in
1763 1392 1907 1426 Civitate
1934 1391 2005 1436 ipsa

1246 1440 1350 1485 plures
1385 1440 1512 1483 fuerunt
1548 1442 1708 1475 lethaliter
1736 1441 1899 1484 sauciati.
1936 1445 2004 1476 Lu-

1248 1492 1322 1523 dum
1348 1492 1390 1523 ad
1416 1489 1531 1533 maffa,
1556 1491 1695 1532 scutum,
1723 1489 1768 1527 &
1796 1491 1863 1525 alia
1888 1491 2004 1534 jucun—

1248 1542 1291 1573 da
1326 1539 1466 1584 tripudia
1495 1538 1590 1582 fieri.
1637 1542 1689 1575 Ita
1727 1541 1833 1575 Anno
1869 1539 2004 1577 Christi

1251 1591 1560 1625 MCCLXXXIX.
1612 1590 1809 1626 Florentini
1853 1590 2003 1628 viffiores

1178 1653 1211 1685 D
1249 1640 1431 1675 moenibus
1463 1640 1646 1676 Arretinae
1674 1640 1786 1677 Urbis
1814 1640 2003 1681 instaures,

1248 1690 1392 1725 testante
1421 1693 1552 1732 Joanne
1580 1691 1742 1726 Villanio
1764 1692 1845 1727 Lib.
1865 1690 2002 1738 7.Cap.
2058 1718 2071 1732 χ

1252 1752 1332 1786 132..
1362 1740 1545 1775 Historiar.
1581 1741 1721 1782 secionvi
1747 1754 1857 1774 correre
1884 1742 1910 1774 il
1936 1745 2005 1776 Pa·

1248 1838 1434 1883 rizzaronvi
1457 1839 1517 1882 piu
1542 1837 1653 1882 dista,
1681 1852 1696 1871 e
1723 1839 2002 1885 manganavonvifi

1248 1889 1348 1928 Asini
1373 1902 1425 1923 con
1452 1889 1485 1923 la
1512 1889 1605 1923 mitra
1633 1889 1667 1922 in
1686 1901 1758 1936 capo
1783 1900 1836 1935 per
1856 1891 2003 1935 rimproc-

1248 1940 1292 1975 cio
1325 1940 1377 1973 del
1411 1939 1475 1972 loro
1511 1935 1659 1981 Vescouo.
1717 1941 1822 1974 Anno
1862 1953 2003 1987 quoque

1249 1990 1507 2026 MCCCXXV.
1545 1987 1711 2036 infignem
1753 1990 1795 2025 de
1823 1990 2002 2027 Florenti-

1250 2054 1374 2076 norum
1401 2039 1557 2076 exercitu
1578 2039 1764 2075 vie’coriam
1787 2040 1910 2076 retulit
1930 2043 2002 2077 Ca-

1249 2090 1410 2127 struccius
1455 2089 1661 2127 Lucenfium
1718 2092 1881 2138 Princeps
1906 2117 1915 2127 .
1968 2092 2000 2127 Is

1250 2141 1450 2177 blandiente
1487 2140 1624 2176 fortuna
1668 2140 1771 2180 usus,
1813 2141 1917 2189 usque
1956 2140 2001 2178 ad

1249 2191 1387 2228 moenia
1434 2192 1634 2227 Florentiae
1685 2193 1873 2240 progressus
1924 2191 1969 2227 est
1987 2217 1999 2236 ,

1249 2242 1391 2292 praedae
1410 2255 1449 2278 ac
1469 2243 1643 2278 incendiis
1658 2244 1776 2277 omnia
1796 2241 2000 2289 subjiciens.

1250 2293 1303 2329 Ibi
1343 2297 1422 2329 vero
1458 2292 1496 2329 in
1533 2303 1749 2329 contemtum
1800 2289 1998 2328 Florentini

1250 2344 1376 2387 Populi
1404 2343 1471 2379 tria
1498 2346 1688 2380 certamina
1716 2344 1843 2379 edenda
1878 2340 1999 2389 justit.

1249 2393 1412 2443 praemiis
1453 2395 1643 2443 unicuique
1681 2391 1880 2444 propofitis.
1922 2392 1999 2427 Pri-

1249 2458 1343 2481 mum
1372 2444 1441 2481 fuit
1467 2445 1582 2482 cursus
1602 2449 1784 2492 Equorum:
1811 2441 1998 2478 secundum

1249 2496 1362 2532 cursus
1389 2497 1556 2531 Peditum:
1599 2494 1743 2529 tertium
1780 2493 1893 2529 cursus
1921 2495 1999 2527 Me-

1247 2548 1388 2583 retricum
1404 2561 1422 2581 .·
1447 2548 1619 2582 Nummos
1645 2545 1679 2579 δι
1707 2544 1778 2593 ipse
1806 2556 1911 2593 paene
1938 2542 1999 2579 sub

1247 2598 1430 2635 moenibus
1457 2594 1659 2633 florentiae
1700 2595 1873 2633 cudendos
1901 2606 2001 2650 cura-

1878 2653 1956 2694 vit,

2066 1745 2073 1769 s

1247 1789 1290 1822 lio
1315 1800 1368 1834 per
1392 1790 1425 1823 la
1452 1788 1544 1828 Fella
1570 1789 1607 1822 di
1632 1791 1699 1822 San
1734 1789 1918 1832 Giovanni,
1955 1790 2002 1828 &⁶
2059 1787 2062 1799 ¹
