2169 3047
360 198 445 238 919
704 174 1078 232 ANJ'IQUJT.
1117 173 1328 218 MEDII
1363 174 1524 218 ARV!
1793 195 1882 233 920

353 240 491 279 Cautio,
529 237 630 273 nobis
665 236 812 272 sicma.
851 239 884 270 A
922 238 1064 278 Septen·
1107 235 1139 271 A
1232 233 1429 270 Florentini
1457 234 1608 271 nimium
1639 235 1734 284 saepe
1754 241 1803 272 A.
1831 240 1867 272 in
1896 239 1940 272 E.

353 290 500 327 trionali
519 302 604 324 voce
622 288 827 334 Pleger‚pro
843 285 948 332 affiquo
963 288 1065 329 spon·
1233 294 1469 328 convertunt,
1511 300 1549 322 ac
1593 287 1738 334 proinde
1779 287 1939 331 Pietanza

354 343 446 382 dere,
468 339 655 377 Hickefius
677 339 763 373 hanc
784 337 944 372 deducit.
967 337 1065 371 Haec
1234 349 1295 383 pro
1317 337 1492 381 Piattanza
1513 337 1627 372 dicere
1656 347 1863 383 potuerunt.
1892 339 1940 373 Et

354 392 431 429 veri
469 391 616 426 similior
645 389 767 437 origo,
796 389 899 435 quam
935 388 1063 421 Salma-
1232 399 1340 433 quum
1368 387 1405 422 in
1434 388 1588 422 Galliam
1619 388 1700 424 haec
1727 402 1796 424 vox
1818 387 1942 424 immi-

354 443 470 479 fiana.
509 442 650 488 Quippe
678 438 858 475 Salmasius
887 451 904 473 a
934 437 1065 474 Latino
1232 438 1342 483 grarit
1363 462 1371 476 ‚
1415 438 1512 472 Galli
1560 439 1690 472 Pitance
1739 451 1939 487 nuncupare

353 498 474 532 Pras,
491 494 620 528 Praedis
639 491 817 525 Gallicum
834 489 1063 534 Pleige‚Cau-
1232 487 1380 523 fortaffis
1408 497 1616 533 coeperunt.
1646 489 1771 523 Adhuc
1799 488 1836 525 ὃ(
1865 492 1942 524 An-

353 545 468 580 tionem
500 541 720 590 significans„
758 538 889 574 traxit.
932 541 960 572 A
992 539 1059 571 Ple·
1232 539 1282 586 gli
1305 541 1433 571 Pttance
1453 537 1595 572 dicunt.
1626 538 1720 572 Inter
1740 538 1837 574 hasce
1865 539 1940 574 sen-

351 609 409 643 ger
426 596 506 629 verb
526 592 677 638 Pleigerie
694 590 872 625 Gallicum
887 617 895 630 ,
914 587 951 623 ὅ(
973 589 1060 635 ΡΙἯ-
1233 588 1361 623 tentias
1392 587 1532 622 Eruditi
1561 588 1694 636 eligant
1711 615 1719 624 .

351 659 431 693 gery
454 644 665 691 Anglicum.
695 641 787 676 Vide
815 639 1065 687 Du-Cangiurn
1181 639 1336 686 Pigiare.
1373 641 1535 678 Premere,
1573 640 1726 674 Calcare.
1765 638 1944 675 Florenti-

355 695 396 731 ad
422 707 542 730 vocem
565 693 714 737 Hegias,
743 693 775 725 8<
801 691 962 737 Plegium.
994 691 1058 724 Ve-
1113 689 1139 722 B
1234 701 1357 724 norum
1389 702 1477 724 vox.
1508 691 1589 724 Non
1619 703 1637 724 a
1665 690 1773 724 Pilare
1804 690 1945 725 descen-

353 746 427 781 neti
451 743 562 780 rursus
584 743 706 778 dicunt
730 745 866 787 Ρὶιζζο,
888 740 980 788 quod
1003 753 1064 775 vo·
1233 740 1307 778 dit,
1350 741 1443 786 quod
1488 740 1661 775 Ferrarius
1703 741 1916 789 opinabatur
1931 766 1941 776 .

355 797 517 832 cabulum
548 793 734 842 Menagius
765 793 797 827 &
829 791 901 838 ipse
928 790 1063 826 deriva-
1233 791 1327 833 Forse
1353 792 1396 825 da
1433 793 1513 834 Pes,
1552 792 1668 835 Pedis,
1705 791 1825 838 inquit
1861 791 1945 827 Me-

354 847 415 882 bat
443 860 460 882 a
490 850 607 885 Prass,
638 843 793 878 Praedis.
824 842 886 878 Sed
916 843 950 877 ὃ(
979 841 1065 877 istud
1232 841 1354 889 nagius
1373 869 1382 883 ,
1421 852 1480 876 aut
1508 854 1525 876 a
1557 843 1682 881 Prlum‚
1720 842 1803 877 idest
1833 843 1944 883 Ptstit-

355 897 504 946 originis
534 895 828 945 Septentrionalis
856 893 919 928 est.
1232 893 1317 926 lum.
1357 894 1432 940 Ego
1471 905 1540 927 non
1577 892 1743 932 aliunde,
1781 904 1886 940 quam
1924 905 1944 927 a

306 949 490 995 Pietanza.
522 947 642 983 Portio
671 946 951 988 esculentorum,
979 956 1068 991 quae
1232 942 1367 978 Latino
1397 944 1524 987 PtJan’,
1553 944 1644 990 quod
1674 943 1780 978 etiam
1810 944 1946 986 Pinjare

356 999 546 1037 Monachis
563 1026 572 1042 ,
615 996 738 1033 aliisve
782 996 935 1043 personis
975 996 1066 1030 ultra
1232 993 1420 1037 dixerunt,
1444 992 1658 1041 significante
1678 998 1844 1036 Tuudere,
1866 994 1946 1028 Cal-

355 1064 480 1099 panem
520 1049 560 1085 ad
591 1048 724 1083 vicium
763 1048 888 1083 datur.
932 1046 1067 1080 Mirum
1231 1057 1319 1087 care,
1340 1044 1405 1079 esse
1426 1045 1653 1081 derivandum
1678 1045 1841 1080 Italicum
1867 1057 1945 1079 ver-—

357 1101 428 1140 est,
466 1110 679 1147 quantopere
717 1098 749 1132 se
787 1096 951 1132 torserint
981 1097 1065 1129 Eru-
1233 1094 1315 1128 bum
1344 1098 1495 1140 Ptgiare,
1523 1095 1612 1130 mihi
1643 1094 1846 1141 persuadeo.
1878 1094 1947 1130 Hi-

358 1151 427 1186 diti
456 1151 492 1185 in
526 1150 626 1197 hujus
656 1147 818 1183 vocabuli
847 1146 985 1194 origine
1014 1144 1064 1179 in·
1112 1146 1143 1180 C
1233 1143 1347 1190 spanis
1375 1143 1485 1179 adhuc
1516 1145 1607 1187 Pisar
1642 1145 1686 1179 est
1724 1147 1872 1180 Calcare.
1912 1146 1945 1179 1-

358 1199 555 1248 vestiganda
579 1227 589 1243 ‚
626 1208 866 1245 quantumque
909 1205 1000 1231 inter
1037 1193 1069 1229 se
1232 1194 1310 1229 dern
1340 1198 1422 1229 verb
1455 1195 1543 1238 Pisar
1570 1194 1801 1242 Hispanicum
1840 1193 1944 1242 signi-

358 1250 543 1286 diffideant
565 1276 574 1284 .
616 1251 669 1283 Ex
710 1248 807 1282 {talis
845 1245 1039 1281 Accarisius
1059 1269 1070 1283 ‚
1232 1244 1316 1279 ficat
1334 1271 1344 1285 ‚
1373 1254 1476 1288 atque
1507 1245 1635 1288 Pigiare
1663 1245 1817 1279 Tuscum
1836 1271 1844 1279 ,
1883 1243 1946 1279 Ei..

358 1299 609 1347 Pergaminus‚
633 1299 667 1331 &
697 1297 781 1333 alii,
810 1306 886 1329 tum
910 1293 1071 1333 Voffius,
1234 1292 1326 1325 sdem
1366 1291 1536 1336 Hispanis
1573 1292 1668 1335 Pison
1705 1292 1750 1325 est
1786 1292 1878 1327 idem
1909 1306 1947 1328 ac

358 1349 584 1392 Pureterius‚
616 1348 829 1383 sommus,
860 1342 1071 1390 Menagius,
1234 1340 1378 1375 Malleus
1414 1341 1557 1385 ligneus,
1594 1355 1664 1388 quo
1703 1343 1948 1389 pavimentum

358 1403 392 1437 δ(
423 1399 507 1440 alii,
535 1413 554 1435 a
585 1398 706 1432 Pietate
728 1407 848 1430 vocem
875 1393 1071 1428 deducunt.
1234 1392 1407 1426 calcatur.
1437 1391 1546 1430 Pisare
1575 1405 1636 1440 pro
1663 1395 1794 1428 Calcare
1822 1394 1947 1429 dixisse

358 1451 547 1490 Alcimus,
571 1446 772 1485 Salmafius,
795 1447 983 1482 Mammas,
1005 1441 1071 1479 Ci-
1234 1451 1368 1477 veteres
1387 1469 1396 1484 ‚
1425 1442 1546 1477 docuit
1583 1443 1622 1477 ad
1662 1445 1795 1479 Festum
1836 1445 1948 1480 Scali-

359 1503 481 1540 :onius
499 1529 509 1544 ‚
549 1498 752 1537 Ferrarius,
792 1495 925 1543 aliique
954 1508 972 1530 a
1001 1495 1073 1528 Pit·
1235 1506 1313 1541 ger.
1346 1495 1391 1528 Et
1419 1493 1508 1541 apud
1537 1495 1699 1529 Senecam
1737 1495 1860 1540 PtJatio
1887 1508 1949 1531 oc-

359 1554 440 1589 tacio
477 1551 650 1587 trahunt.
689 1551 721 1583 A
760 1547 833 1582 Pite
855 1573 864 1588 ‚
905 1545 1074 1580 dodrante
1236 1543 1372 1579 currit.

358 1602 484 1639 unciae
514 1598 1020 1642 papebrochius.·Br0vverus
1044 1595 1075 1630 i-
1116 1592 1147 1624 D
1184 1595 1354 1642 Pigliare.
1383 1596 1559 1642 ascriptae,
1586 1598 1853 1643 Apprehendere,
1881 1599 1948 1632 Ca-

359 1663 464 1701 nepte
494 1666 511 1688 a
540 1650 740 1697 Pitiffando.
770 1650 804 1684 A
834 1646 954 1690 Ρίέῖα,
991 1648 1073 1682 Μο-
1231 1657 1327 1694 pere.
1357 1645 1511 1682 Obscura
1541 1648 1638 1682 vocis
1666 1650 1787 1696 origo.
1827 1650 1950 1683 Ferra-

358 1705 442 1741 netss.
469 1703 656 1740 Comitum
698 1697 968 1735 Pic'iavienfium
1000 1699 1076 1732 Du-
1235 1697 1307 1732 rius
1335 1710 1354 1731 a
1381 1698 1503 1741 capio,
1540 1699 1624 1738 Pio,
1661 1699 1770 1743 Piglio
1806 1708 1946 1733 enatam

359 1755 518 1804 Cangius
546 1766 622 1790 eam
651 1750 812 1794 accerfit‚
841 1749 935 1796 quod
963 1747 1075 1783 fercu-
1235 1757 1359 1795 putat.
1402 1749 1448 1782 Et
1487 1759 1578 1783 certe
1616 1748 1806 1784 Lombardi
1851 1749 1949 1783 Piare

359 1808 435 1843 lum
464 1809 508 1841 ad
542 1806 682 1840 valorem
718 1802 813 1836 unius
840 1799 953 1834 PiHae
980 1800 1074 1834 dare·
1234 1797 1382 1840 dicunt,
1420 1798 1512 1844 quod
1550 1798 1657 1833 Tusci
1696 1799 1859 1843 Figliare.
1899 1799 1950 1834 Ii-

363 1865 421 1892 tur
444 1883 452 1892 .
490 1858 576 1892 Suus
618 1855 731 1889 honor
771 1852 812 1887 fit
849 1850 1000 1886 aliorum
1038 1850 1075 1885 in
1235 1848 1311 1883 dem
1356 1847 1463 1883 Tusci
1507 1849 1661 1883 nobilem
1703 1849 1791 1884 olim
1830 1849 1949 1884 Muti-

364 1906 454 1942 hanc
492 1920 562 1942 rem
601 1903 838 1953 conje&uris‚
875 1901 1001 1949 quibus
1037 1899 1075 1936 δι
1236 1898 1375 1934 nensem
1403 1901 1530 1932 Piorum
1559 1899 1746 1934 Familiam
1765 1926 1775 1942 ‚
1810 1899 1859 1933 de'
1888 1899 1950 1934 Pi-

365 1969 479 1994 meam
510 1956 663 1992 additam
694 1956 802 1990 volo.
841 1952 979 1999 Quidni
1007 1951 1074 2000 igi·
1231 1951 1310 1997 gli,
1347 1958 1405 1986 aut
1435 1950 1531 1991 Pigi,
1569 1963 1766 1992 nuncupare
1803 1949 1949 1986 consue-

364 2016 424 2044 tur
460 2007 636 2042 efformari
674 2020 745 2041 vox
782 2004 842 2040 ista
879 2003 996 2050 potuit
1032 2015 1076 2037 ex
1237 2011 1384 2035 verunt.
1415 2002 1583 2036 Attamen
1612 2000 1691 2049 quei
1720 2000 1855 2036 excidit
1883 2014 1947 2036 no-

363 2057 495 2095 Italico
525 2059 654 2097 Piatto,
692 2056 842 2089 Farinam
880 2053 1074 2101 fignifican-
1122 2046 1150 2079 E
1237 2051 1291 2087 bis
1335 2050 1446 2098 prima
1496 2051 1625 2097 syllaba
1667 2052 1764 2087 verbi
1805 2051 1905 2095 Capio
1928 2054 1949 2084 ,⁹

364 2106 423 2145 te?
453 2110 559 2144 Certe
587 2104 676 2152 apud
704 2104 841 2150 aliquos
864 2105 987 2140 Italiae
1008 2105 1076 2138 Po·
1236 2101 1373 2148 Accipe
1402 2100 1439 2137 ὅ(
1471 2102 1629 2150 Menagii
1670 2104 1852 2148 Etym0n‚
1891 2102 1951 2137 de-

364 2159 466 2207 pulos
490 2158 688 2202 Piananza,
715 2167 785 2190 non
810 2155 988 2197 Ρίειαηζα,
1016 2167 1075 2200 ap·
1237 2152 1395 2188 ducentis
1421 2153 1508 2188 hanc
1537 2166 1657 2188 vocem
1687 2167 1705 2188 a
1736 2153 1867 2189 Latino
1890 2152 1951 2187 Pi-

364 2209 518 2258 pellatur
544 2206 753 2253 opsonium,
782 2203 849 2239 five
871 2203 967 2239 cibus
987 2217 1074 2250 quo·
1237 2204 1329 2245 lare,
1358 2204 1447 2238 unde
1478 2205 1652 2250 Expilare,
1681 2202 1877 2252 significans
1895 2211 1951 2249 pet·

364 2258 522 2295 tidianus
539 2284 548 2298 ,
591 2269 660 2292 non
704 2255 815 2290 solum
860 2254 1046 2290 Monachis
1063 2282 1073 2298 ,
1237 2255 1307 2288 vim
1333 2255 1459 2296 aliquid
1485 2255 1582 2289 alicui
1602 2256 1726 2290 tollere.
1755 2257 1802 2290 Et
1827 2264 1949 2301 quam-

366 2309 423 2345 fed
473 2305 724 2343 famulantibus
775 2305 1074 2353 quibuscumque,
1158 2308 1161 2316 '
1237 2318 1342 2351 quarn
1371 2306 1479 2339 Pilare
1506 2305 1596 2341 nihil
1621 2306 1715 2341 aliud
1745 2304 1870 2341 fuerit,
1892 2300 1949 2335 ni·

368 2361 460 2396 ultra
498 2371 644 2408 panem,
685 2355 723 2392 &
768 2355 914 2399 vinum,
950 2356 1072 2392 datus.
1237 2355 1260 2390 fi
1308 2356 1389 2388 pilos
1429 2357 1587 2391 detrahere
1608 2371 1628 2400 ‚·
1677 2356 1784 2392 latior
1829 2362 1946 2386 tamen

366 2410 522 2458 Singulis
549 2409 644 2445 enirn
673 2407 710 2442 in
738 2420 804 2443 una
834 2407 978 2446 Patina,
1007 2406 1073 2442 five
1236 2405 1334 2441 fuisse
1354 2406 1493 2442 videtur
1515 2407 1612 2443 illius
1631 2403 1860 2451 significatio,
1882 2413 1948 2436 un·

367 2462 513 2504 Piatro,
551 2459 775 2508 praebebatur
803 2457 863 2493 fibi
895 2457 1011 2502 portio
1038 2471 1070 2493 e·
1235 2457 1278 2492 de
1321 2458 1431 2504 postea
1472 2458 1647 2493 Gallicum
1693 2454 1815 2492 Pillem
1853 2451 1949 2487 idem

368 2512 604 2561 {culentorum
628 2538 641 2558 ,
681 2509 748 2548 hoe
788 2508 834 2547 est
873 2509 1040 2546 ferculum
1064 2534 1073 2545 .
1235 2508 1330 2557 quod
1356 2509 1538 2555 Expilare.
1568 2505 1657 2542 vide
1685 2503 1781 2541 infra
1808 2501 1948 2547 Scompi-

1811 2554 1901 2604 glia·
