2169 3047
377 201 459 253 815

368 257 541 292 creditur.
571 259 667 294 Num
697 271 714 293 a
742 260 844 302 Gaio,
878 257 1072 306 significan
1114 256 1146 290 A

368 316 403 343 te
436 308 598 352 Hilarem,
629 309 818 351 Festivum?
854 308 1073 352 Lombudi,

367 357 563 396 Lucenses,
600 357 637 395 &
666 360 727 395 alii
765 359 886 395 dicunt
913 361 1073 395 Gaiardo.

368 409 417 444 Et
459 408 606 445 forraffis
643 409 709 445 hoc
750 409 973 456 primitivum
1013 422 1071 444 no-

369 471 450 495 men
488 460 619 499 fuerit,
660 460 752 507 quod
789 460 897 496 Tusci
935 461 970 495 in
1008 463 1072 494 Ga-

364 511 493 557 gliardo
507 510 731 545 immutarier
743 537 751 545 .
767 510 972 546 carrocium
991 512 1076 545 Cre-

369 559 584 596 monensmm
614 560 649 594 in
678 560 858 595 Chronico
883 560 1075 598 Parmenfi,

369 623 389 645 a
418 622 472 644 me
499 610 535 645 in
564 610 787 645 ColleRione
816 612 894 645 Rer.
923 609 1076 645 Italicar.

370 661 564 706 evulgato,
592 662 803 707 appellatum
843 659 939 695 fuisse
968 660 1071 695 tradi·
1123 662 1149 695 B

369 718 428 746 tur
451 709 630 755 Gajara‘us.
655 710 759 756 Quod
782 709 802 744 fi
823 710 997 757 Gagliardo
1017 723 1076 744 an-

369 760 562 805 tiquiorem
593 773 714 796 vocem
743 760 853 799 velis,
881 772 989 806 quum
1017 760 1076 795 ad-

369 809 502 859 jeffliva
529 809 718 846 desinentia
756 810 793 845 in
821 810 918 844 Ardo
954 823 972 845 e
1000 809 1076 845 sub·

369 859 521 895 stantivo
549 861 719 899 veniant,
746 869 785 895 ut
812 873 830 895 e
860 861 969 894 Malia
998 862 1076 895 Ma-

369 910 494 953 Ιὶανιίο,
531 924 549 946 e
584 913 673 946 coda
708 912 873 952 cadamo,
914 923 933 944 e
972 912 1078 957 Bugia

370 960 567 1006 ,Bugiardos
593 961 660 996 erit
687 960 803 1000 forte,
840 959 902 1008 qui
930 959 1077 1001 suspice-

371 1019 450 1052 tur,
478 1023 496 1045 e
523 1013 620 1046 Galia
647 1010 868 1057 (Triremis‚
904 1019 944 1046 ut
969 1011 1077 1058 vulgo

372 1060 547 1104 creditur,
575 1061 742 1108 Latinis)
770 1061 947 1107 Gagliardo
965 1060 1078 1095 enasci

369 1111 545 1158 potuisse,
586 1125 672 1146 voce
713 1111 881 1145 nimirum
923 1110 1080 1144 adhibita
1105 1112 1150 1146 *C

371 1161 413 1194 ad
443 1159 683 1208 fignificandos
713 1162 870 1202 Nautas,
905 1159 967 1206 qui
994 1158 1079 1194 Tri-

370 1222 501 1245 remem
529 1211 634 1245 remis
661 1210 850 1252 impellunt
868 1236 877 1250 ,
905 1209 946 1244 ad
974 1222 1078 1257 quem

369 1260 525 1297 laborem
554 1259 776 1295 robustissimi
805 1259 960 1294 virorum
989 1259 1078 1295 deli-

371 1310 540 1359 gebantur
565 1333 575 1348 ‚
621 1311 652 1343 8<
698 1309 900 1355 deliguntur
941 1308 1077 1344 adhuc.

371 1361 446 1393 Cur
473 1359 621 1393 aliorum
661 1357 805 1391 somniis
833 1358 864 1391 8<
904 1355 989 1390 istud
1017 1357 1078 1392 ad-

368 1408 511 1456 jungere
539 1421 608 1442 non
637 1405 764 1442 liceat?
807 1408 915 1441 Anno
942 1405 1076 1442 Christi

368 1459 529 1495 MCCH.
553 1457 643 1502 sacta
666 1457 733 1501 suit
760 1458 897 1491 Societas
923 1458 1076 1503 Gagliar-

368 1510 478 1544 dorum
518 1508 551 1541 in
594 1508 811 1550 Mediolano,
861 1506 914 1542 uti
955 1506 1077 1542 scribit

369 1559 593 1593 Gualvaneus
635 1558 676 1593 de
718 1559 750 1592 la
789 1558 948 1592 Flamma
988 1559 1075 1604 Cap.

370 1620 454 1655 235.
476 1607 655 1655 Manipuli
678 1608 844 1648 Florum,
871 1609 992 1643 Tomo
1013 1607 1074 1643 xl.

367 1661 448 1694 Rer.
478 1659 698 1695 Italicarum.
731 1660 885 1695 Societas
913 1658 999 1697 ista,
1037 1667 1075 1694 ut

366 1708 405 1744 in
434 1709 653 1756 praecedenti
680 1708 771 1755 Cap.
801 1721 885 1756 233.
921 1707 1074 1756 scripfit,

366 1769 443 1795 erat
491 1761 644 1805 quaedam
688 1760 851 1805 congeries
910 1758 1075 1794 Nobilium

357 1811 546 1853 Juvenum.
591 1810 845 1858 Du—Cangius‚
887 1822 994 1856 quum
1036 1809 1073 1844 in

366 1859 537 1895 Concilio
579 1859 774 1897 Turonenfi
810 1860 909 1896 Anni
947 1861 1074 1895 MCC-

364 1909 498 1944 XXXI.
527 1910 701 1959 reperisset
736 1909 826 1958 Cap.
857 1922 914 1946 21.
941 1910 1075 1944 Clericos

364 1960 552 2004 Ribaldos‚
579 1963 711 1996 maxime
737 1963 792 2008 qui
818 1960 966 1996 Goliardi
992 1974 1073 1994 nun-

364 2021 519 2057 cupamur
546 2011 663 2057 (quae
702 2010 894 2060 appellatio
921 2010 1074 2046 occurrit
1111 2011 1140 2046 E

365 2057 404 2095 &
457 2059 494 2096 in
541 2060 621 2096 aliis
669 2060 905 2108 subsequentis
949 2060 1074 2096 aetatis

364 2107 633 2155 Scriptoribus)
675 2109 758 2143 haec
800 2110 945 2145 scribit·
990 2112 1075 2145 Hinc

363 2158 444 2195 Itali
472 2158 670 2203 Gagliardo‚
698 2158 792 2200 nostri
818 2160 969 2193 Gaillard
994 2160 1073 2195 hau-

358 2207 469 2253 serunt
497 2209 644 2250 indubie.
673 2208 760 2243 Istud
790 2209 918 2242 indubie
947 2210 1072 2246 vellem

364 2257 585 2303 expunxisset
624 2258 678 2294 vir
713 2257 947 2294 doffliffimus.
975 2262 1073 2297 Ante

364 2309 530 2342 Goliardos
547 2309 707 2345 Clericos
726 2319 799 2345 erat
821 2309 964 2344 Italicae
984 2310 1069 2346 Lin—

365 2370 452 2405 guae
479 2360 660 2402 Galiardo,
698 2359 754 2396 seu
780 2359 941 2401 Gajardo.
970 2362 1072 2396 Hanc

364 2419 489 2444 vocem
531 2409 742 2445 adhibebant
781 2409 898 2450 olim,
940 2410 992 2445 uti
1034 2409 1071 2447 δ(

364 2470 457 2493 nunc
505 2459 546 2493 ad
589 2459 850 2505 fignificandum
892 2459 1070 2495 hominem

365 2508 558 2551 Robustum.
596 2512 714 2555 Quare
750 2510 842 2549 nihil
882 2523 968 2559 opus
1004 2509 1073 2547 fuit

1103 1555 1105 1584 ἕ
1114 1560 1149 1594 D

725 194 1342 256 ANTIQU1T.MED11
1377 194 1538 239 AEVI

1801 199 1886 240 816

1237 255 1358 291 nostris
1402 266 1526 292 mutuo
1566 254 1721 303 accipere
1762 268 1780 291 e
1821 255 1941 291 Gallia

1237 307 1426 344 Goliardus,
1453 320 1492 342 ac
1519 306 1706 342 immutare
1734 306 1770 342 in
1791 307 1943 353 Gagliar—

1237 358 1297 392 do.
1339 357 1466 392 Vidisti
1507 357 1716 392 vocabulum
1761 357 1942 400 Galiardo,

1238 407 1405 443 Societati
1451 406 1703 444 Mediolanenfi
1750 407 1904 442 inditum
1933 433 1944 449 ‚

1237 465 1393 504 ternpore
1421 457 1649 505 praecessisse,
1677 457 1743 493 hoc
1770 457 1815 493 est
1843 455 1943 492 annis

1237 507 1370 555 viginti
1419 519 1574 550 novem,
1624 519 1746 543 vocem
1798 508 1942 544 alteram

1239 557 1387 591 Goliardi
1431 556 1627 592 adhibitam
1670 556 1707 591 in
1748 555 1943 592 Turonenfi

1238 606 1398 651 Synodo.
1426 608 1542 641 Nemo
1570 616 1685 641 autem
1715 614 1814 654 putet
1840 618 1944 641 voca-

1240 657 1359 691 bulum
1388 657 1477 691 illud
1504 657 1660 691 Galiardo
1692 665 1776 691 tunc
1807 665 1945 700 tempo-

1239 706 1286 742 ris
1308 707 1349 742 ab
1376 707 1474 742 Italis
1495 706 1651 742 adhiberi
1671 706 1840 753 coepisse.
1867 705 1944 741 Ad-

1239 757 1280 792 de
1300 781 1311 797 ,
1358 770 1478 792 vocem
1528 757 1698 791 Goliardus
1744 755 1944 804 fignificass‘e

1238 810 1383 842 scurram
1424 807 1541 855 potius
1558 834 1568 850 ,
1612 806 1668 843 seu
1705 810 1944 852 Joculatorem,

1239 857 1343 904 quarn
1373 857 1550 892 hominem
1580 858 1771 900 Robustum.
1808 855 1945 893 Consu-

1239 908 1272 942 le
1313 909 1475 942 Martene
1517 909 1624 943 Tom.
1663 921 1700 954 4.
1742 919 1818 955 pag.
1857 917 1944 953 727.

1239 957 1406 993 Thesaur.
1437 959 1534 993 Νον.
1561 960 1777 993 Anecdotor.
1809 959 1944 1004 Repeto

1239 1021 1324 1055 ego,
1361 1008 1530 1044 incertam
1569 1008 1706 1052 adhuc,
1743 1016 1803 1043 aut
1843 1006 1946 1054 igno-

1240 1067 1310 1091 tam
1341 1058 1451 1093 adhuc
1488 1058 1553 1094 effe
1589 1058 1684 1095 istius
1713 1057 1877 1094 vocabuli
1904 1070 1945 1092 o-

1238 1106 1387 1154 riginem
1404 1133 1412 1142 .

1187 1155 1298 1202 Gajo.
1341 1156 1487 1191 Hilaris.
1525 1158 1666 1201 fflacer,
1710 1156 1942 1193 Castelvetrus

1238 1215 1349 1251 noster
1375 1230 1393 1251 a
1419 1217 1554 1251 Graeco
1596 1208 1754 1252 Καλδςε
1811 1216 1945 1250 Alcan-

1238 1264 1319 1309 der,
1347 1267 1379 1301 8<
1406 1264 1593 1313 Menagius
1620 1279 1638 1300 a
1663 1265 1796 1300 Latino
1821 1265 1942 1309 Cujus,

1239 1315 1295 1349 seu
1332 1314 1462 1358 Cujus,
1499 1315 1709 1348 vocabulum
1749 1314 1816 1350 hoc
1852 1315 1943 1350 deri-

1240 1372 1351 1407 vant,
1388 1362 1480 1409 quod
1509 1362 1610 1409 Cajus
1635 1376 1654 1398 a
1677 1364 1794 1409 gaudio
1817 1374 1944 1410 patrum

1238 1413 1352 1449 diffius
1393 1412 1528 1449 fuerit.
1569 1412 1684 1450 Addit
1723 1412 1943 1461 Menagius‚

1237 1472 1408 1509 Latinum
1445 1472 1547 1518 Cajus
1581 1485 1599 1508 e
1635 1474 1769 1508 Graeco
1801 1462 1944 1520 Γαῖος,

1238 1541 1402 1568 manante
1429 1532 1471 1567 ab
1508 1531 1673 1568 inufitato
1699 1522 1815 1577 solco,
1854 1534 1945 1566 Gau-

1236 1582 1290 1618 dio
1333 1581 1522 1631 proceffiffe
1552 1610 1561 1619 .
1615 1584 1826 1629 Quanquam
1873 1594 1943 1617 non

1237 1631 1367 1677 defint,
1395 1646 1482 1681 quae
1515 1632 1608 1669 hisce
1634 1632 1765 1681 opponi
1795 1631 1943 1679 poffint‚

1236 1683 1375 1719 laudare
1403 1693 1518 1719 tamen
1557 1683 1594 1718 in
1631 1682 1820 1731 praesentia
1848 1683 1942 1718 malo

1236 1732 1407 1781 ejusmodi
1436 1735 1617 1779 Erymon.
1647 1733 1709 1768 Sed
1738 1732 1837 1768 fimul
1866 1745 1942 1767 mo-

1236 1795 1325 1822 neo,
1348 1792 1450 1827 prout
1472 1783 1538 1828 jam
1561 1783 1811 1818 animadvertit
1831 1782 1941 1817 Leib-

1236 1832 1346 1869 nitius
1375 1835 1418 1868 V.
1446 1834 1503 1869 Cl.
1524 1832 1634 1868 videri
1670 1845 1791 1867 vocem
1824 1835 1872 1866 Ga
1877 1833 1940 1866 bun

1238 1883 1352 1930 (apud
1369 1882 1550 1919 otfridum
1574 1881 1834 1918 vetustiffimum
1857 1884 1942 1917 Poe-

1237 1941 1307 1969 tam
1337 1935 1577 1990 Germanum)
1606 1932 1797 1981 fignificare
1824 1933 1940 1972 idem,

1236 1984 1329 2032 quod
1358 1984 1458 2020 nobis
1478 1983 1585 2029 Gajo:
1611 1996 1650 2019 ac
1679 1993 1857 2031 propterea
1879 1982 1940 2018 fie-

1236 2033 1266 2070 ri
1296 2034 1408 2082 posse,
1436 2043 1474 2070 ut
1501 2048 1519 2070 e
1545 2033 1733 2069 Germania
1762 2034 1878 2081 potius
1898 2032 1940 2068 ad

1236 2096 1299 2119 nos
1335 2084 1497 2133 migrarit
1532 2085 1632 2127 Gaio,
1669 2085 1702 2119 &
1740 2083 1781 2119 ad
1817 2084 1940 2119 Gallos

1235 2137 1327 2180 Gay,
1364 2136 1395 2170 8<
1433 2135 1473 2170 ad
1511 2136 1633 2182 Belgas
1670 2137 1762 2174 Gau,
1798 2146 1869 2182 quo
1903 2134 1938 2168 δ(

1236 2185 1345 2219 adhuc
1375 2187 1525 2220 Saxones
1553 2194 1723 2222 utuntur

1184 2235 1313 2278 Galla,
1350 2244 1409 2270 aut
1444 2236 1578 2271 Galera.
1616 2235 1796 2275 Triremis,
1832 2244 1936 2282 genus

1234 2285 1390 2333 navigii.
1418 2285 1579 2327 Mirum,
1609 2296 1778 2332 quantum
1806 2284 1837 2319 se
1864 2292 1936 2316 tor—

1233 2345 1362 2382 queant
1398 2335 1434 2371 in
1464 2335 1564 2384 hujus
1601 2336 1763 2371 vocabuli
1799 2331 1934 2378 origine

1234 2385 1469 2434 investiganda
1510 2386 1771 2423 castelvetrus.
1810 2380 1934 2428 joseph

1234 2436 1411 2484 Scaliger,
1440 2435 1603 2477 vomas,
1629 2431 1835 2480 Menagius‚
1861 2433 1934 2466 Co-

1236 2486 1379 2522 varuvia
1384 2500 1425 2532 s,
1452 2488 1485 2522 δ(
1513 2485 1600 2522 alii.
1637 2483 1700 2520 Nil
1740 2481 1825 2517 certi
1855 2481 1934 2529 qui—

1763 2555 1881 2605 squam
