2169 3047
413 219 495 260 753
754 202 1127 259 ANTIQUJT.
1168 197 1380 246 MEDn
1415 198 1578 241 ΑΕνι
1837 208 1921 257 756

400 264 562 297 Homero
591 261 693 298 Iliad.
723 264 780 298 18.
800 275 841 298 ex
864 264 1024 305 Luciano
1046 262 1108 297 Li-
1133 264 1178 300 'A

401 313 464 348 bro
505 311 546 348 de
584 313 727 357 Luem,
765 326 806 348 ex
848 313 991 347 Platone
1028 313 1110 348 Lib.

405 375 461 399 12.
491 363 532 399 de
570 365 752 412 Legibus,
789 362 936 411 aliisque
974 363 1108 399 Aucsto-

401 414 498 450 ribus
525 414 700 450 ostendere
729 414 854 460 possem
871 441 880 450 .

352 465 505 507 Catafla.
545 469 654 500 strues
688 466 873 512 lignorum.
909 464 946 500 Si
982 464 1107 500 hiena-

399 515 498 564 gium
546 515 705 550 audimus
731 543 740 559 ‚
786 515 937 557 Catafta,
981 516 1108 550 Isidoro

399 565 504 609 teste,
534 565 602 600 fuit
631 564 745 599 Ledus
769 565 907 607 ferreus.
936 566 1031 600 Tum
1055 566 1107 601 su-

400 615 574 663 spicatur,
602 616 820 651 efformatam
858 614 956 651 fuiffe
986 629 1106 651 vocem

398 679 451 701 res
494 665 724 713 usurparunt,
766 665 994 701 derivandum
1036 667 1107 710 est,

397 715 421 751 si
464 717 633 765 Menagio
673 716 874 752 credimus.
919 717 1052 764 Utique
1089 731 1107 752 a

397 765 525 812 Caffare
575 766 735 814 proceffit
756 793 766 802 .
813 766 971 803 Minime
1025 770 1106 802 vero

397 815 523 861 Caffare
550 830 568 852 a
596 816 750 864 ,Quaffare
776 817 973 861 descendit,
1011 819 1106 866 cujus

399 868 501 915 plane
529 867 662 903 diversa
700 867 745 903 est
781 867 1016 916 significatio,
1053 869 1106 904 sed

398 931 417 953 a
445 917 579 954 Latino
606 917 741 963 Caffus,
778 918 861 954 idest
897 920 1029 955 Inanis.
1067 922 1105 954 In

399 970 496 1016 Lege
526 971 623 1005 XIV.
652 971 809 1009 Dudum,
846 969 935 1005 Cod.
971 971 1009 1004 de
1035 983 1103 1004 con-

398 1020 554 1053 trahenda
580 1021 710 1054 emtione
725 1034 744 1062 ;
771 1033 858 1068 quae
888 1022 1107 1069 promulgata

397 1068 468 1105 fuit
496 1072 604 1106 Anno
640 1069 774 1106 Christi
811 1072 1009 1106 CCCXCI.
1047 1071 1105 1105 ha-

397 1120 538 1155 bemus:
569 1124 636 1155 Lex
662 1119 813 1164 Caffata‚
841 1121 923 1155 idest
947 1120 1106 1159 Abdita,

396 1173 586 1215 Abrogata.
614 1170 656 1205 In
685 1170 840 1216 antiquis
865 1171 972 1205 etiam
994 1170 1104 1205 Char-

397 1219 445 1254 tis
468 1233 536 1254 non
558 1223 634 1255 raro
655 1221 807 1256 occurrit
829 1220 979 1256 formula
999 1222 1104 1257 haec:

397 1268 524 1315 Caffam
551 1270 596 1308 ἔφ’
625 1272 749 1305 irritam
774 1271 865 1313 fecit.

349 1319 494 1367 Caffaro.
522 1325 616 1356 Arx.
654 1322 708 1357 Ita
737 1321 897 1356 senenses
916 1348 924 1357 .
962 1323 1106 1357 Floren-

400 1371 469 1405 tini
499 1374 581 1405 vero
608 1369 730 1413 Cassera
757 1370 905 1404 dicunt.
942 1371 1108 1405 Occurrit

398 1433 471 1455 vox
501 1419 560 1455 ista
588 1420 677 1467 apud
706 1419 870 1467 antiquos
903 1420 1106 1455 Italicarum

399 1473 530 1506 Rerum
573 1471 764 1516 Scriptores
791 1497 800 1513 ‚
842 1479 918 1505 tum
956 1471 1109 1513 Latina,

398 1531 474 1557 tum
506 1521 653 1568 Vulgari
691 1520 833 1567 Lingua
870 1520 967 1556 usos.
1007 1521 1107 1556 Itali-

398 1585 458 1607 cae
495 1571 646 1618 originis
684 1573 894 1606 vocabulum
936 1570 1106 1607 Dii-Can-

397 1622 475 1670 gius
505 1621 665 1668 putavit.
701 1623 827 1657 Errat.
868 1622 931 1657 Sed
969 1623 1109 1670 gravius

397 1672 537 1708 fallitur
574 1673 785 1720 Menagius,
822 1673 884 1720 qui
921 1687 940 1708 a
976 1673 1110 1709 Latino

398 1723 505 1768 Capsa
542 1723 707 1758 emersisse
745 1722 868 1768 Caffero
896 1733 956 1759 aut
983 1722 1110 1768 Caffaro

399 1773 535 1809 censet.
565 1775 674 1810 Nulla
703 1774 880 1810 dubitatio
907 1774 1024 1810 futura
1044 1774 1109 1817 est,

400 1823 487 1870 quin
516 1825 650 1859 Arabes
675 1838 748 1859 eam
772 1825 960 1860 intulerint
980 1825 1017 1860 in
1042 1827 1108 1860 ita-

400 1875 512 1910 liam.
552 1876 669 1910 Habet
696 1889 735 1910 ea
772 1875 912 1924 Lingua
950 1877 1110 1920 Chaffiron

401 1924 440 1960 &
468 1924 656 1970 Cboffaron‚
685 1925 878 1974 fignificans
906 1927 1030 1961 Gollio
1059 1937 1107 1962 te-

401 1975 469 2015 ste,
496 1977 729 2023 sepimentum,
760 1977 1018 2015 R‘Iunimemum‚
1045 1981 1109 2011 Ca-

394 2027 545 2070 stellum,
583 2027 634 2063 uti
663 2030 695 2063 8<
724 2026 898 2071 Chassara‚
925 2027 1029 2062 Λνῖἷε
1057 2030 1108 2062 ob-

392 2078 502 2122 sedit.
542 2076 579 2112 In
617 2077 752 2113 Charta
789 2077 982 2124 Hispanica
1013 2079 1108 2114 Anni

397 2129 665 2165 MCLXXXH.
704 2128 870 2173 produ&a
909 2129 951 2163 ab
992 2130 1106 2164 Anto-

399 2178 462 2212 nio
503 2179 544 2213 de
588 2180 729 2225 Yepes,
770 2188 1010 2213 memorantur
1049 2191 1110 2214 tres

399 2226 542 2271 Caffares
567 2252 577 2267 ,
617 2229 767 2262 videlicet
811 2229 999 2263 Villa—nova
1040 2231 1107 2266 (925.

401 2277 638 2324 Du-Cangius
676 2292 737 2325 pro
774 2279 900 2319 Calales
941 2279 1106 2326 scriptum

400 2338 528 2377 putat3
558 2329 612 2364 sed
641 2328 717 2363 heic
746 2329 862 2364 nullus
890 2332 1106 2366 emendatio-

400 2381 439 2416 ni
482 2389 541 2414 aut
582 2379 867 2427 interpretationi
904 2383 1000 2416 locus
1037 2382 1108 2427 est,

401 2442 510 2476 quum
552 2428 713 2475 Caffara,
755 2431 820 2464 hoc
862 2430 906 2465 est
943 2432 1108 2479 Castella,

400 2479 479 2515 illic
506 2480 673 2528 designari
701 2480 927 2516 certissimum
957 2481 1016 2518 sit.

351 2533 532 2569 catalecto.
569 2534 752 2568 feretrum.
788 2532 1037 2580 Monofinius,
1073 2537 1140 2584 δε,

1271 272 1312 294 ex
1341 271 1382 294 eo
1412 257 1617 294 Academici
1644 258 1731 293 della
1749 261 1885 303 Crulca,
1914 272 1977 294 no-

1271 323 1350 345 men
1378 308 1443 344 hoc
1471 323 1512 345 ex
1542 310 1687 345 Graecia
1716 310 1756 344 ad
1786 322 1847 344 nos
1872 310 1978 345 adve-

1271 360 1366 396 &um
1403 360 1635 405 censuerunt,
1672 360 1892 396 efformatum
1923 361 1979 396 vi-

1271 411 1399 446 delicet
1437 425 1479 447 ex
1509 419 1716 454 Κατσιλὲχομειι,
1747 415 1856 454 Cubi»,
1897 415 1979 446 Dor-

1272 465 1360 497 mio.
1403 465 1587 511 Menagius
1628 478 1646 499 a
1682 463 1826 503 castrum
1868 461 1978 507 Leffi,

1272 523 1331 548 aut
1371 515 1486 558 potius
1514 528 1557 550 ex
1586 523 1667 551 Κκτὸι
1693 513 1731 548 ὅ(
1763 512 1901 557 Εσῖιιε,
1940 522 1978 548 ut

1273 562 1313 598 fit
1343 568 1521 598 munimus.
1561 565 1734 600 Ferrarius
1773 566 1853 598 vero
1881 562 1980 610 (mi-

1275 614 1370 648 nime
1408 614 1485 648 sane
1522 615 1598 650 heic
1627 613 1842 658 audiendus)
1871 625 1888 646 e
1915 616 1981 648 Ca-

1272 667 1388 710 pulus,
1414 674 1594 701 traxerunt
1617 667 1702 701 hanc
1725 675 1868 697 vocem.
1897 662 1981 699 Mea

1275 715 1399 761 opinio
1436 717 1510 759 est,
1552 717 1613 752 vix
1652 715 1728 751 falli
1764 726 1826 748 nos
1866 715 1980 759 posse,

1275 765 1475 801 deducendo
1513 769 1723 803 vocabulum
1765 764 1926 799 Cataletto
1961 778 1979 800 e

1275 817 1406 851 Graeca
1450 816 1616 866 Lingua,
1654 817 1722 852 five
1758 815 1825 849 hoc
1862 813 1902 849 fit
1938 829 1981 850 ex

1278 874 1491 908 mem'zopma,
1523 870 1591 903 five
1624 883 1666 904 ex
1698 881 1912 911 Kzrxnsssstm‘b,
1939 865 1981 900 sl-

1275 930 1317 952 ve
1345 919 1451 954 etiam
1480 933 1522 955 ex
1554 925 1634 954 Karza
1661 918 1699 954 &
1729 928 1848 961 Λεκτρο»,
1876 931 1982 966 quam

1275 968 1478 1016 postremam
1510 985 1629 1007 vocem
1667 972 1704 1007 in
1737 973 1850 1008 Lectus
1881 969 1983 1005 Lati-

1276 1019 1312 1054 ni
1353 1020 1617 1066 immutarunt,
1657 1025 1845 1059 Nobilium
1887 1020 1982 1055 enim

1274 1069 1440 1106 cadavera
1493 1085 1562 1107 non
1618 1073 1654 1109 in
1711 1076 1803 1110 nudo
1858 1077 1983 1109 Feretro

1275 1119 1391 1166 (nunc
1420 1125 1509 1156 Rara
1550 1125 1698 1172 Italice)
1734 1127 1822 1160 olim
1857 1125 1897 1160 ad
1926 1132 1983 1157 tu·

1274 1171 1409 1205 mulum
1448 1172 1714 1218 deferebantur,
1754 1175 1807 1209 sed
1846 1176 1882 1209 in
1925 1175 1983 1206 Le-

1274 1219 1347 1254 θος
1376 1234 1477 1268 quem
1510 1237 1639 1258 morem
1661 1253 1670 1266 ,
1698 1238 1716 1259 a
1748 1225 1914 1260 Romanis
1943 1235 1983 1256 u·

1274 1272 1477 1319 iurpatum‚
1515 1273 1686 1309 servatum
1727 1277 1836 1310 adhuc
1866 1275 1982 1310 videas

1273 1320 1310 1354 in
1353 1321 1533 1356 efferendis
1572 1324 1850 1369 Episcoporum,
1893 1327 1981 1360 aiio-

1274 1381 1420 1415 rumque
1458 1370 1644 1419 insignium
1686 1375 1867 1409 Procerum
1906 1388 1984 1411 cor-

1275 1420 1443 1466 poribus.
1484 1424 1520 1456 ln
1559 1423 1741 1458 Chronico
1770 1425 1983 1461 Alexandri-

1274 1482 1343 1510 no,
1382 1469 1437 1505 seu
1470 1472 1621 1508 paschali
1654 1474 1733 1519 (uti
1771 1477 1876 1510 etiam
1907 1476 1982 1512 ani-

1275 1520 1467 1557 madvertit
1508 1525 1560 1558 Du
1582 1523 1765 1573 Cangius)
1793 1535 1982 1563 occurrunt

1277 1579 1464 1616 Καταλέκτιω,
1494 1574 1628 1610 scilicet
1663 1579 1800 1619 Strata,
1829 1579 1982 1622 Manae,

1276 1625 1452 1668 Stragula,
1491 1627 1591 1660 nobis
1630 1627 1814 1671 Materaffi.
1857 1630 1981 1675 ltaque

1275 1677 1436 1709 Cataletto
1472 1676 1564 1711 idem
1602 1676 1646 1711 est
1675 1690 1713 1712 ac
1742 1678 1853 1712 LeHzes
1887 1692 1984 1712 emor-

1274 1726 1394 1760 tualis.
1427 1727 1574 1761 Aulicus
1595 1727 1791 1762 Tisinenfis
1814 1730 1899 1773 Cap.
1926 1741 1981 1774 13.

1275 1774 1316 1809 de
1360 1777 1538 1810 Laudibus
1579 1779 1723 1822 Papiae,
1762 1780 1882 1812 Tomo
1920 1781 1980 1814 xi.

1276 1827 1355 1860 Rer.
1386 1827 1534 1860 Italicar.
1564 1825 1720 1861 funerum
1751 1826 1898 1862 formam
1921 1829 1981 1864 de-

1276 1875 1425 1910 scribens
1461 1878 1568 1911 Anno
1606 1879 1861 1912 MCCCXXX.
1899 1879 1982 1915 haec

1276 1925 1399 1960 habet:
1437 1929 1583 1972 Sequitur
1616 1928 1712 1971 scmus
1742 1928 1852 1972 (idest
1880 1930 1980 1966 cada-

1278 1978 1360 2022 ver)
1391 1978 1423 2010 in
1461 1978 1552 2011 Lffo
1587 1992 1653 2012 cum
1689 1979 1817 2012 culcitra
1844 1978 1889 2017 &⁵
1912 1976 1984 2025 litz-

1276 2028 1461 2062 teaminibus
1492 2031 1534 2061 (9⁴
1561 2029 1733 2073 opertorio,
1757 2029 1817 2072 sub
1843 2037 1907 2076 quq'
1928 2043 1983 2075 ρο-

1272 2077 1370 2118 situm
1397 2078 1438 2117 es}
1466 2079 1609 2112 indutum
1636 2079 1772 2120 vestibus
1804 2080 1857 2122 sui
1878 2080 1983 2131 status

1277 2129 1332 2162 vel
1368 2130 1508 2167 ordinis,
1546 2141 1580 2162 ut
1615 2129 1656 2164 ab
1692 2129 1834 2165 omnibus
1871 2132 1982 2165 videa-

1278 2189 1348 2214 tur.
1367 2181 1485 2224 Atque
1503 2179 1578 2215 heic
1595 2179 1834 2216 animadverte
1847 2209 1856 2224 ‚
1874 2193 1981 2228 quan-

1279 2230 1314 2263 ta
1351 2230 1540 2265 constantia
1581 2232 1734 2277 Majores
1776 2231 1879 2266 nostri
1916 2230 1978 2264 hac

1277 2278 1315 2314 in
1362 2294 1396 2315 re
1442 2292 1594 2316 veterum
1635 2295 1746 2318 mores
1782 2279 1980 2318 tenuerint.

1279 2332 1364 2366 Sunt
1393 2331 1429 2366 hi
1460 2331 1573 2367 versus
1604 2332 1725 2368 Persii:

1225 2452 1346 2459 -----
1381 2425 1564 2481 tan-demque
1590 2434 1729 2468 beatulus
1755 2431 1821 2465 alto

1226 2485 1298 2516 Com
1302 2484 1415 2528 positus
1431 2484 1534 2523 Let‘Jo,
1545 2483 1701 2527 craffisque
1711 2483 1830 2515 lutatus
1840 2483 1982 2529 amomis,

1225 2537 1264 2570 In
1287 2546 1412 2581 portam
1438 2535 1555 2581 rigidos
1581 2533 1673 2566 calces
1700 2534 1859 2569 extendit.
1885 2555 1893 2560 >
1910 2554 1980 2562 —--

1877 2586 1931 2620 En
