2169 3047
347 172 431 227 855

339 238 463 265 carunt
487 229 715 265 Vocabularii
745 212 944 265 Florentini
973 230 1048 264 Au-

338 280 474 326 Sintes,
502 293 610 328 quum
639 279 820 328 scripsere.
851 279 1047 325 Infingardi-

335 331 395 379 gia
419 332 436 364 ὲ
462 331 608 376 Ιεηεεζεζα
635 331 710 366 nell'
721 342 864 378 operare,
890 330 1047 377 infingen—

339 381 406 423 dofi
431 382 466 416 di
493 395 552 416 non
578 393 702 429 potere.
739 384 820 417 Hoc
851 381 895 417 est
926 388 967 416 ab
996 383 1049 415 In-

335 431 482 480 fingere,
519 432 612 468 idern
651 431 867 481 significante
897 445 935 467 ac
969 434 1050 465 Fin-

340 496 433 531 gere,
464 483 622 518 manavit
653 483 861 530 Infingardcv,
892 481 1050 528 Infingar-

342 535 459 581 digia.
496 533 681 569 Tassonius
718 533 828 568 noster
866 533 988 567 multis
1017 545 1051 566 e-

343 583 496 629 xemplis
523 582 696 622 ostendit,
733 597 790 618 eos
817 583 924 618 etiam
944 610 953 626 ‚
990 580 1052 629 qui

343 634 501 682 'fingunt
529 633 597 669 five
625 633 871 673 Mentiuntur,
900 634 1052 681 appella-

344 695 401 720 tos
438 683 536 719 fuisse
573 683 780 731 Infingardi.

346 734 519 770 duntaxat
549 733 644 769 sensu
682 735 719 769 in
750 734 941 769 Mutinensi
974 734 1058 768 Dia-

347 785 441 822 lezsto
467 784 649 833 usurpatur
674 785 859 831 Fingardo,
885 785 978 820 idern
1007 793 1060 819 at-

348 849 417 884 que
443 834 642 882 Infingavdo.
674 835 848 870 Ferrarius
877 849 894 870 a
923 848 982 868 non
1007 836 1060 877 fa—

349 886 454 922 ciendo
496 884 731 921 infelicissime
775 885 922 922 deduxit
961 884 1060 929 Infin—

346 938 467 985 gardo.
506 936 679 972 Postremo
717 936 905 972 insurrexit
937 938 1061 971 Mena-

351 987 453 1036 giu8‚
481 987 693 1023 contendens
719 986 925 1035 Infingard0‚
954 998 1063 1034 quum

351 1036 525 1087 fignificat
547 1038 699 1085 Pigrum,
716 1038 921 1074 descendisse
939 1039 979 1072 ab
1002 1039 1062 1070 Im-

348 1090 499 1136 pigyase,
527 1090 741 1134 Impigratus,
771 1090 985 1134 Impiganus‚
1011 1089 1064 1120 In-

347 1139 534 1185 fingamus.
574 1139 668 1177 Vix,
700 1147 807 1184 puto,
846 1137 951 1173 risum
982 1148 1046 1171 con
1096 1130 1140 1167 C

353 1190 488 1224 tineas.
526 1189 592 1222 Pro
621 1186 808 1222 certissima
840 1186 996 1222 habenda
1024 1185 1069 1221 est

351 1238 390 1276 in
429 1238 496 1273 hoc
534 1238 640 1273 etiam
681 1237 775 1273 sensu
815 1240 910 1285 prior
941 1237 1069 1284 origo.

351 1288 497 1324 Scilicet
532 1287 589 1323 illi
626 1287 765 1334 proprie
792 1287 973 1332 Inftngavdt
1010 1299 1067 1332 ap-

353 1339 564 1387 pellantur,
610 1337 672 1383 qui
718 1335 828 1370 facere
876 1335 1068 1382 quidquam

354 1388 521 1445 possunt,
550 1386 604 1422 sed
634 1395 693 1422 aut
720 1386 873 1429 nolunt,
901 1394 962 1420 aut
989 1396 1068 1419 cum

354 1438 503 1488 pigritia
530 1437 565 1473 id
595 1436 751 1476 faciunt
779 1436 1001 1477 simulantes
1029 1433 1069 1469 fi—

355 1490 394 1526 bi
432 1489 522 1525 vires
561 1487 692 1523 deesse.
732 1488 812 1523 Hoc
851 1463 1068 1535 potiffirrium

355 1540 508 1576 dicimus
537 1538 578 1574 de
607 1537 735 1573 validis
764 1551 934 1584 corpore,
972 1549 1068 1571 rnen-

354 1590 472 1625 dicare
508 1598 626 1625 tamen
654 1588 883 1632 volentibus,
921 1586 1070 1634 aliisque

355 1640 391 1678 id
431 1653 538 1688 genus
579 1639 782 1676 horninibus
823 1639 864 1674 ad
906 1638 1068 1674 desidiam

355 1694 506 1740 pronis.
550 1691 641 1727 Vide
679 1689 941 1726 Adnotationes
982 1688 1070 1733 Julii

355 1741 537 1778 Ottonelli
579 1742 619 1777 ad
661 1741 936 1778 vocabularium
980 1742 1071 1776 Cru-

355 1793 524 1833 semum,
561 1807 649 1842 quae
685 1793 724 1829 in
760 1792 865 1829 editis
901 1790 1072 1828 Taffonio

357 1844 584 1880 tribuuntur.
621 1844 655 1880 Is
686 1844 729 1880 ab
760 1843 916 1891 Infingere
952 1851 1070 1878 natam

359 1906 482 1930 vocem
512 1895 647 1931 erudite
673 1895 843 1931 ostendit.

307 1944 553 1990 Infinocchiare.
591 1948 732 1982 Blandis
759 1947 866 1980 verbis
893 1959 929 1980 ac
949 1943 1072 1988 fabult‘s

359 1997 516 2042 decipere.
545 1998 719 2033 Salviatus
748 1996 785 2033 δε
810 1995 1031 2032 Monosmius
1055 2007 1074 2029 e

304 2102 307 2103 ⁷
358 2057 497 2091 Graeco
531 2047 752 2102 Φειάκίζε-ιν
789 2064 971 2092 traxerunt
1007 2054 1074 2089 hoc
1097 2043 1141 2081 [E

360 2106 536 2146 verbum,
576 2103 668 2150 quasl
707 2107 922 2150 Fenachizare
959 2104 1073 2140 evase-

359 2155 410 2191 rit
449 2154 692 2199 Infinoccbiare.
733 2155 815 2190 Alii
856 2169 874 2190 e
912 2155 1076 2189 Finoxhio

362 2205 478 2253 (quae
501 2218 571 2239 vox
593 2213 709 2252 aperte
731 2204 768 2240 in
788 2204 851 2240 isto
875 2206 981 2240 verbo
1002 2205 1074 2240 sen—

362 2255 484 2304 titur)
524 2254 607 2303 quia
651 2255 747 2303 pueri
787 2256 964 2290 Foeniculis
1005 2255 1070 2291 sac-

362 2306 470 2342 charo
491 2305 623 2355 opertis
645 2305 887 2355 decipiuntur.
911 2309 1006 2342 Haec
1028 2308 1076 2341 ri-

364 2357 423 2392 det
452 2357 660 2405 Menagius.
690 2359 721 2393 Is
750 2367 865 2393 autem
893 2357 1074 2402 imperter-

364 2406 435 2443 rite
475 2408 593 2442 educit
633 2421 676 2443 ex
715 2409 825 2452 Fino,
861 2406 1077 2457 significante

364 2458 494 2497 Furbo,
521 2458 661 2502 Asluto,
689 2458 752 2494 hac
780 2459 941 2495 ratione:
972 2459 1076 2497 Fino,

365 2509 530 2553 Finocus,
558 2509 750 2552 Finoculus‚
779 2511 987 2551 Fffloculure,
1015 2509 1076 2543 Fi-

366 2559 520 2595 not-:hiare
538 2585 548 2604 ,
585 2573 623 2595 ac
661 2562 803 2597 tandem
829 2560 1076 2606 Infinccchiare„
1100 2551 1108 2604 Ι
1146 2583 1157 2596 »ι

1085 230 1118 265 Α

823 685 944 731 Atque
988 683 1053 718 hoc
1098 681 1125 715 B

624 169 1054 229 ANTIOUIT.
1103 168 1349 215 MEDII
1391 169 1584 215 AEVI

1154 2552 1160 2578 l

1209 684 1302 728 furbo
1320 711 1329 728 ,

1214 230 1307 265 Nam
1328 229 1389 278 qui
1413 230 1538 267 astutus
1564 230 1602 267 ἃ
1627 230 1729 280 sagax
1755 187 1824 270 est5
1845 231 1916 278 ple-

1212 293 1359 328 rumque
1375 280 1538 330 deceptor
1557 281 1620 318 est.
1643 284 1695 317 Ita
1711 282 1791 317 111e
1818 283 1918 326 Quae

1212 329 1290 366 sane
1312 332 1413 381 origo
1441 333 1557 369 minus
1584 332 1672 370 mihi
1693 332 1834 368 videtur
1857 345 1919 367 ex-

1213 361 1395 430 cipiendat'.
1438 386 1562 432 Neque
1600 383 1695 420 enim
1733 385 1842 423 Fine,
1879 391 1919 417 ut

1212 433 1253 468 ad
1290 446 1364 468 eam
1402 446 1525 469 vocem
1561 434 1665 477 dixi,
1705 448 1748 470 ex
1787 433 1919 469 Latino

1213 483 1334 524 venit,
1362 482 1399 518 &
1430 496 1522 518 mera
1549 483 1684 518 somnia
1712 484 1790 519 sunt
1818 483 1919 518 Fino-

1213 547 1284 576 cus,
1313 534 1480 567 Finosulus
1501 561 1509 577 ‚
1540 534 1745 568 Finoculare.
1773 534 1922 568 Tolera-

1214 584 1321 618 bilius
1350 582 1491 622 fuisset,
1529 582 1550 617 fi
1584 584 1625 618 ab
1654 581 1789 618 Italicis
1818 594 1922 617 voca-

1215 632 1306 668 bulis
1335 634 1441 675 Fino,
1478 632 1515 669 &
1543 634 1673 677 Oschio,
1709 632 1790 668 idest
1817 632 1923 666 Occhio

1359 685 1545 732 Menagius
1575 684 1759 719 derivasset
1791 682 1924 726 Infinos-

1214 735 1338 770 chiare.
1369 735 1431 769 Sed
1459 736 1493 770 8<
1523 734 1588 770 hoc
1617 735 1791 770 somnium
1822 733 1923 769 esset.

1215 785 1351 820 Mirum
1380 785 1448 824 est,
1477 785 1557 833 quei
1587 796 1656 821 tarn
1686 785 1831 821 abstrusa
1859 783 1925 819 fint

1216 835 1391 884 principia
1428 836 1528 884 hujus
1567 836 1692 880 verbi,
1729 848 1836 883 quum
1871 843 1926 869 ta-

1217 899 1296 921 men
1334 899 1403 921 non
1442 899 1484 921 eo
1521 888 1658 922 tantum
1697 884 1926 923 florentini,

1217 936 1272 972 sed
1309 937 1342 971 &
1372 936 1590 973 Mutinenses
1628 937 1760 984 aliique
1800 935 1928 984 Populi

1218 996 1381 1023 utantur.
1420 990 1494 1035 Ego
1522 988 1648 1024 alienis
1677 986 1821 1023 somniis
1852 999 1929 1021 mea

1218 1051 1310 1072 nunc
1347 1038 1469 1073 addere
1507 1041 1614 1074 nolo.
1653 1041 1824 1074 Attamen
1862 1036 1930 1072 ali-

1218 1101 1284 1134 qua
1325 1088 1397 1122 veri
1436 1088 1666 1123 similitudine
1703 1102 1817 1123 carere
1858 1099 1931 1122 non

1220 1136 1368 1181 censeo,
1397 1138 1578 1172 Foern'culos
1606 1138 1693 1172 olim
1723 1138 1902 1172 exhibitos
1920 1163 1931 1180 ,

1221 1198 1260 1224 ut
1288 1187 1328 1222 ad
1358 1189 1433 1235 plus
1471 1188 1658 1224 bibendum
1678 1215 1687 1229 ,
1725 1187 1826 1234 seque
1854 1187 1932 1222 ine-

1222 1238 1405 1273 briandum
1429 1238 1662 1273 incitarentur
1680 1238 1932 1276 convivantes,

1222 1288 1272 1322 ita
1304 1298 1341 1321 ut
1370 1288 1591 1325 Finocchiato,
1627 1296 1685 1320 aut
1715 1285 1935 1330 Infinoxhiato

1224 1334 1407 1379 appellasse
1462 1336 1641 1382 potuerint
1697 1335 1935 1371 metaphorice

1224 1387 1378 1433 Major-es
1408 1385 1512 1421 nostri
1542 1386 1745 1429 hominem,
1782 1387 1843 1435 qui
1866 1387 1936 1430 foe-

1224 1438 1394 1472 niculorum
1422 1436 1478 1472 esu
1507 1450 1544 1472 ac
1573 1437 1807 1472 incitamento
1838 1450 1871 1471 nn
1900 1450 1937 1473 e-

1225 1488 1410 1523 brietatem
1450 1488 1590 1524 incaute
1627 1488 1841 1536 impegisset.
1883 1489 1938 1524 Ita

1225 1539 1496 1582 Impafiocchiare,
1538 1541 1672 1573 Vendere
1698 1541 1778 1572 delle
1813 1539 1937 1578 Pallac-

1225 1591 1313 1634 chie,
1343 1589 1447 1625 fimili
1477 1589 1572 1626 sensu
1601 1589 1800 1637 usurpatur.
1836 1591 1937 1625 Prae-

1226 1652 1319 1676 terea
1344 1643 1594 1687 Inzampognare
1623 1641 1713 1676 idem
1744 1639 1936 1686 fignificat,

1226 1691 1446 1734 desumtum,
1471 1703 1508 1727 ut
1537 1692 1710 1730 creditur,
1739 1705 1756 1726 e
1786 1691 1868 1725 sono
1897 1689 1939 1725 fi-

1226 1741 1350 1778 stulae.
1380 1755 1451 1789 quo
1479 1742 1703 1788 decipiuntur
1731 1755 1834 1777 aves.
1873 1740 1938 1776 Sed

1226 1794 1258 1829 8(
1289 1792 1391 1841 hujus
1422 1793 1516 1828 verbi
1547 1792 1678 1827 incerta
1707 1792 1817 1827 adhuc
1847 1791 1939 1827 mihi

1227 1844 1329 1892 origo
1366 1842 1429 1879 est.
1470 1845 1593 1891 Neque
1630 1843 1723 1878 enim
1751 1845 1939 1889 Zampogna

1229 1895 1414 1931 adhibetur
1460 1895 1499 1929 ad
1545 1893 1711 1929 fallendas
1756 1894 1913 1929 volucres
1931 1918 1942 1928 .

1228 1943 1487 1981 Mutinensibus
1515 1958 1653 1993 quoque
1692 1943 1865 1979 familiare
1893 1942 1939 1979 est

1228 1997 1444 2041 Insa-conare,
1473 1995 1541 2031 sive
1569 1997 1778 2039 Insaponam
1809 1993 1941 2043 fignifi-

1230 2061 1310 2083 eans
1337 2047 1485 2082 Adulari
1511 2047 1618 2090 caussa?
1651 2046 1848 2092 decipiendi,

1231 2099 1417 2144 emzmgendi
1464 2098 1590 2144 aliquid
1611 2125 1619 2138 ,
1669 2096 1879 2144 Metaphora'i
1923 2109 1943 2131 e

1232 2148 1537 2184 Barbitonsoribus
1562 2147 1728 2186 ἀεὰυξὶει,
1755 2146 1815 2195 qui
1845 2146 1942 2192 sapo-

1231 2213 1274 2235 ne
1304 2199 1396 2248 prius
1427 2200 1564 2234 barbam
1598 2200 1785 2245 proluunt
1814 2207 1851 2232 ut
1882 2209 1942 2243 po-

1231 2250 1297 2285 stea
1334 2251 1485 2285 radant.
1530 2249 1690 2295 Denique
1729 2245 1940 2283 Florentinis

1232 2301 1277 2336 est
1316 2301 1559 2347 Incaslagnare,
1597 2301 1694 2349 eujus
1733 2294 1940 2347 fignificatio

1233 2351 1375 2386 videtur
1405 2354 1472 2385 Dar
1500 2351 1665 2397 castagne
1699 2363 1759 2397 pro
1786 2350 1855 2381 Dar
1880 2356 1940 2390 pa-

1233 2404 1315 2436 role.
1354 2402 1386 2436 Si
1419 2415 1497 2436 vera
1526 2402 1607 2436 haec
1635 2401 1736 2435 esset,
1763 2396 1854 2430 idem
1885 2394 1940 2429 di-

1234 2453 1382 2488 cendum
1423 2452 1600 2488 videretur
1638 2450 1679 2483 de
1716 2446 1822 2482 verbo
1858 2443 1941 2490 Infi-

1234 2503 1409 2540 moechiam

1884 2055 1941 2080 aut

1779 2545 1889 2591 Itzfrxr-
