2169 3047
256 228 279 263 9
289 214 339 263 89
549 203 694 246 mss}
705 204 737 245 R
752 205 914 247 amo
946 198 1364 247 fffiGESIMATER
1371 199 1490 245 Tm.-
1687 216 1740 254 99
1750 217 1774 242 θ

251 267 351 303 tandi
374 265 466 302 ratio
485 262 549 305 est,
572 263 657 310 quin
689 263 872 311 primitiva
895 276 965 300 vox
1009 265 1040 299 A

256 318 400 353 dicenda
428 314 466 348 fit
496 314 604 356 fine,
637 313 691 349 seu
723 314 850 358 Infima,
877 328 966 363 quae

254 368 363 417 postea
385 364 547 400 conversa
578 363 694 399 sensim
724 364 828 401 fuerit
853 365 890 401 in
913 366 964 400 Si-

255 432 292 453 no
346 417 377 450 8:
410 415 533 450 taliae.
571 414 834 451 Mutinenfibus
861 417 897 452 in
928 430 964 453 u·

254 467 291 502 su
321 467 456 501 tamir-n
488 466 529 499 est
560 467 646 500 Fino
671 467 706 501 δε
734 466 859 512 11fin0‚
896 480 966 503 non

254 519 340 552 vero
370 520 447 551 ,ς’-κο
477 515 515 552 &
544 516 669 557 Infino.
706 518 811 563 Quod
849 527 966 554 tamen

256 567 385 603 mirum
426 567 614 607 videatur,
653 568 747 603 aliud
786 568 894 605 simile
931 583 965 605 e-

256 619 436 665 xemplum
466 621 507 653 F.
535 619 717 654 immutati
745 619 781 655 in
810 624 843 656 S.
872 620 947 656 diffi

258 672 325 704 cnle
357 668 535 704 ostendas.
572 669 760 718 Menagius
788 672 869 705 Fmi
905 687 966 719 pro

259 723 358 765 Usque
390 719 588 767 usurpatum
619 723 659 756 ab
692 721 847 767 antiquis
875 723 967 766 Juri-

260 770 443 805 sconsul=is
471 772 508 805 in
538 771 686 819 Digestis
714 773 966 817 animavertit,

260 822 425 856 Duareno
438 850 445 864 ,
459 823 491 856 8(
502 823 665 866 Scipione
673 823 810 859 Gentili
822 837 966 870 praeun-

260 873 376 907 tibus.
406 874 520 908 Immo
548 875 662 914 Cato,
695 883 799 921 atque
825 875 966 911 Hirtius

261 923 303 958 de
344 923 445 958 Bello
485 923 687 969 Africano,
724 925 762 961 ea
798 939 884 961 voce
921 926 966 962 usi

262 973 446 1008 dicuntur.
475 973 538 1010 Sed
566 974 657 1010 mihi
684 974 837 1024 suspec‘ta
864 975 967 1021 sunt,

262 1037 501 1071 quaecumque
552 1036 709 1062 veterum
754 1027 966 1063 Latinorum

261 1076 422 1122 exempla
451 1075 487 1110 in
516 1075 605 1112 hanc
633 1090 703 1112 rem
747 1076 967 1113 adferuntur.

263 1127 389 1172 Neque
413 1126 508 1161 enim
534 1127 625 1162 ullus
646 1127 967 1162 Grammaticorum

262 1187 419 1209 veterum
448 1188 511 1209 nos
547 1176 717 1218 monuit,
753 1177 836 1209 Fini
871 1177 969 1211 adhi-

262 1223 377 1258 bitum
423 1221 523 1258 fuiss‘e
573 1224 653 1259 loco
705 1225 970 1273 praepositionis

263 1282 324 1309 aut
352 1272 530 1307 adverbii.
557 1275 730 1320 Exempla
759 1275 855 1321 ipsa,
883 1291 971 1322 quae

265 1321 504 1369 producuntur
525 1347 535 1363 ‚
577 1323 783 1365 explicanda
833 1325 972 1361 fortasse
1002 1343 1006 1359 ι

266 1371 345 1407 sunt
372 1370 496 1410 aliter,
524 1371 558 1406 ἃ
586 1373 709 1407 MStos
737 1371 890 1410 Codices
919 1375 973 1410 di-

267 1421 438 1471 ligentius
465 1421 611 1458 scrutari
644 1436 729 1470 opus
766 1423 869 1460 effer.
905 1428 973 1461 Ce-

266 1483 381 1509 terum
425 1472 605 1508 consentio
641 1474 674 1508 &
717 1487 806 1521 ego,
843 1477 975 1512 Seculis

268 1524 388 1560 saltem
427 1523 623 1560 Barbaricis
657 1537 674 1559 e
702 1526 798 1560 Fmis
833 1537 974 1562 enatum

270 1575 367 1611 fuiss'e
396 1576 501 1613 Fino,
529 1588 591 1622 pro
620 1575 740 1622 Usque,
769 1590 808 1612 ac
837 1588 976 1625 propte-

270 1640 326 1662 rea
353 1639 423 1661 non
452 1624 555 1670 Infino
574 1650 585 1666 ,
612 1625 666 1661 sed
695 1626 797 1670 Infine
823 1628 977 1664 occurrit

271 1676 360 1725 apud
398 1675 562 1724 quosdam
601 1690 642 1713 ex
679 1677 835 1726 antiquis
863 1679 978 1727 Scrip-

271 1727 406 1764 toribus
450 1727 584 1763 Italicis
609 1754 618 1764 .
672 1730 764 1765 Nam
802 1729 898 1764 Finis
933 1729 980 1765 est

270 1779 404 1821 Limes,
440 1779 632 1818 Terminus,
660 1779 860 1825 praesertim
890 1780 978 1827 apud

271 1828 462 1877 Scriptores
513 1829 760 1874 Gromaficos,
804 1829 872 1866 five
914 1830 979 1866 Rei

272 1878 463 1928 Agrariae.
503 1879 669 1925 Exempli
712 1880 825 1916 caussa
866 1880 979 1917 dicere

273 1928 558 1966 consueverunt.
601 1931 696 1965 Finis
735 1932 779 1966 ad
815 1933 981 1967 Kalendas

265 1980 403 2027 Julius,
439 1979 524 2015 idest
561 1982 746 2021 Terminus,
784 1982 901 2027 Usque.
940 1984 979 2017 In

275 2031 407 2067 Charta
435 2030 535 2066 Anni
563 2030 692 2067 Christi
721 2034 847 2068 MLH.
875 2046 980 2080 quam
1010 2066 1011 2071 ,

276 2081 426 2130 produxi
463 2083 549 2127 Cap.
589 2094 646 2127 24.
684 2096 759 2131 pag.
793 2094 876 2130 237.
905 2085 979 2118 An-

277 2131 439 2179 tiquitat.
467 2131 652 2167 Estenfium
681 2133 813 2182 legitur
840 2133 922 2168 Fine
948 2134 983 2169 al

276 2195 351 2228 eapo
376 2183 428 2218 del
454 2186 566 2218 Monte
601 2182 717 2219 eadem
755 2182 981 2233 significatio-

277 2246 344 2269 ne.
372 2233 413 2270 In
441 2233 572 2269 Charta
611 2233 851 2269 vulturnensis
887 2233 983 2270 Coe-

277 2282 378 2320 nobii
406 2285 514 2319 Anno
548 2283 679 2320 Christi
715 2286 983 2322 DCCCXLIX.

278 2335 446 2377 exarata,
499 2348 571 2383 pag.
615 2347 699 2382 393.
742 2335 982 2372 Vulturnenfis

278 2384 455 2421 Chronici
482 2386 636 2434 legitur:
676 2386 745 2431 ‚Qui
779 2387 870 2422 habet
899 2386 985 2430 fines

278 2438 317 2470 de
352 2448 428 2480 capu
462 2435 531 2480 fine
565 2436 623 2470 vsa
663 2437 787 2480 publica
827 2437 986 2483 antiqua:

273 2489 317 2530 *de
343 2486 406 2520 alio
431 2487 499 2521 latu
519 2486 617 2530 finem
643 2487 760 2531 flumen
788 2488 922 2521 Calore:
947 2488 987 2522 de

284 2534 352 2571 alia
382 2546 472 2584 parte
501 2537 569 2582 fine
597 2537 722 2585 fiumen
757 2538 864 2574 Cottia
888 2563 898 2574 .
937 2539 986 2574 Et

1127 272 1203 310 pag.
1228 269 1315 306 419.
1347 257 1479 292 ba'ente
1498 257 1582 302 fines
1604 256 1646 294 ab
1669 272 1733 293 una
1757 268 1834 302 par-

1126 323 1156 346 te
1175 310 1245 357 fine
1273 321 1397 343 monce:
1423 309 1466 341 da
1487 310 1622 353 secunda
1655 321 1745 356 parte
1772 320 1836 342 ter-

1127 376 1164 397 ra
1205 363 1242 396 de
1283 358 1481 402 Venafrant',
1519 359 1562 396 όν·
1605 359 1671 402 fine
1708 359 1836 405 fluvio,

1128 413 1184 460 qui
1210 422 1340 446 vasatur
1366 409 1472 450 Cesto.
1501 411 1588 443 Sunt
1608 411 1638 443 8<
1663 412 1730 445 alia
1757 411 1836 457 plu-

1128 477 1186 503 ra,
1215 475 1303 510 quae
1332 469 1529 507 praetereo,
1559 459 1633 501 ibi,
1666 471 1770 508 atque
1797 459 1836 495 in

1130 511 1397 550 Additamentis
1437 511 1477 546 ad
1519 508 1727 545 Chronicon
1765 512 1836 545 Ca-

1130 563 1298 600 sauriense
1329 565 1420 599 Part.
1454 562 1502 598 H.
1531 560 1640 597 Tomi
1675 562 1720 595 II.
1756 562 1836 596 Rer.

1133 617 1332 651 Italicarum
1346 641 1355 649 .

1049 637 1055 711 i
1079 672 1200 703 smacco
1210 693 1218 701 .
1261 665 1449 701 LudIbrt'um
1460 688 1470 703 ,
1508 663 1612 706 Irrifio
1621 688 1632 703 ,
1669 664 1838 696 Contume-

1129 720 1199 753 lia.
1233 720 1412 751 Smaccare.
1451 717 1585 750 Famam
1620 712 1757 754 alt'cuius
1782 715 1839 746 de-

1130 769 1284 813 nigrare.
1327 767 1497 813 Exempla
1536 779 1606 800 non
1649 763 1838 798 admodum

1131 820 1273 867 antiqua
1303 818 1405 853 habes
1428 817 1465 852 in
1487 814 1724 851 vocabulario
1744 812 1840 849 Cru-

1130 870 1258 909 scano,
1293 869 1342 904 ita
1371 877 1410 904 ut
1437 881 1507 903 non
1537 878 1617 902 nata
1647 878 1715 900 vox
1744 863 1836 912 apud

1130 935 1215 960 nos,
1243 919 1297 955 sed
1327 918 1467 955 aliunde
1494 918 1684 967 importata
1712 915 1839 963 digno-

1132 971 1265 1007 scatur.
1303 970 1408 1017 Apud
1437 967 1655 1005 Mutinenscs
1684 965 1840 1001 familia-

1130 1023 1178 1058 ris
1206 1021 1275 1057 est.
1303 1023 1405 1057 Illam
1434 1021 1621 1068 Menagius
1660 1017 1841 1065 neglexit.

1130 1075 1271 1116 Erunt,
1314 1071 1375 1121 qui
1419 1086 1461 1108 ex
1504 1070 1657 1106 Arabica
1699 1067 1842 1115 Lingua

1130 1123 1321 1158 arceffant.
1351 1122 1410 1157 Illi
1439 1122 1568 1169 quippe
1595 1120 1639 1155 est
1665 1118 1840 1162 Ssmacha‚

1130 1171 1327 1220 significans
1358 1173 1513 1205 Ludibrio
1540 1170 1587 1207 ἔφ’
1619 1170 1686 1214 joco
1712 1180 1842 1212 expone-

1130 1236 1186 1258 re.
1223 1220 1468 1269 compositum
1507 1221 1590 1256 vero
1624 1216 1843 1262 Maffmacha-

1130 1284 1211 1315 ton,
1254 1272 1448 1306 Ludibrium
1485 1270 1608 1305 sonat.
1650 1268 1749 1304 Mihi
1788 1277 1842 1303 ta-

1132 1334 1211 1356 men
1239 1320 1313 1355 veri
1343 1320 1482 1355 videtur
1509 1319 1681 1357 similius,
1709 1331 1727 1352 e
1754 1320 1845 1353 Ger-

1131 1371 1270 1406 manica
1298 1370 1437 1418 Lingua
1455 1395 1466 1410 ,
1503 1369 1561 1406 cui
1597 1368 1640 1404 est
1667 1369 1842 1409 Scbmacb,

1132 1420 1328 1466 fignificans
1354 1422 1528 1467 Aff'vnto,
1559 1420 1730 1462 Dilmun,
1760 1431 1841 1454 cum

1133 1466 1214 1508 aliis
1242 1472 1465 1515 compofitis,
1494 1468 1687 1520 profefflum
1710 1469 1751 1505 ad
1776 1483 1840 1506 nos

1133 1522 1231 1559 fuiffe
1258 1526 1400 1557 smacco.
1429 1522 1535 1567 Quod
1563 1531 1680 1557 tamen
1708 1520 1844 1564 statuo,

1133 1574 1218 1609 dum
1245 1572 1376 1609 vetusta
1405 1571 1445 1607 fit
1473 1571 1562 1617 apud
1598 1572 1681 1607 illos
1709 1584 1781 1606 vox
1809 1570 1842 1606 i-

1134 1624 1203 1668 sta,
1230 1637 1341 1669 neque
1368 1637 1387 1659 a
1415 1623 1515 1658 nobis
1536 1621 1704 1658 Germani
1732 1621 1842 1657 iidem

1136 1675 1353 1723 acceperint.
1389 1676 1511 1720 Quum
1539 1675 1622 1709 vero
1655 1671 1697 1707 fit
1724 1684 1843 1707 recens

1135 1726 1173 1763 in
1203 1725 1332 1765 Italia,
1370 1738 1432 1760 nos
1463 1723 1580 1773 potius
1608 1723 1649 1759 ab
1677 1722 1722 1758 iis
1750 1722 1845 1757 didi-

1137 1777 1216 1813 cisse
1258 1776 1442 1812 videmur.
1485 1774 1591 1823 Apud
1633 1772 1845 1809 Schilterum

1137 1827 1173 1864 in
1185 1827 1359 1863 Gloffario
1375 1826 1523 1874 antiquo
1538 1823 1740 1861 Teotonico
1753 1826 1846 1858 Smae

1138 1878 1182 1914 est
1218 1881 1358 1913 foetor:
1393 1877 1486 1925 quod
1523 1876 1672 1912 minime
1709 1873 1847 1910 abludit

1138 1930 1180 1964 ab
1207 1930 1339 1975 Etymo
1366 1941 1475 1976 nuper
1502 1927 1680 1963 indicato.

1113 1980 1256 2015 maltt're.
1285 1980 1433 2025 Digerere
1450 2006 1460 2023 ,
1496 1982 1706 2024 Concoquere.
1744 1974 1847 2011 Dici-

1140 2043 1215 2066 mus
1243 2030 1284 2066 de
1312 2030 1391 2065 cibo
1428 2029 1466 2066 in
1503 2027 1715 2064 stomachum
1745 2026 1847 2061 inve-

1140 2081 1222 2117 &o-
1264 2080 1426 2116 Dicimus
1463 2079 1570 2115 etiam
1609 2076 1847 2123 metaphorice

1140 2145 1203 2167 nos
1232 2130 1449 2168 Mutinenses
1477 2130 1518 2165 de
1552 2129 1650 2165 rebus
1688 2125 1849 2162 comesti-

1141 2182 1298 2226 bilibus,
1337 2181 1483 2229 aliisque
1520 2178 1726 2227 quibusdam
1756 2189 1848 2212 mer-

1142 2231 1270 2277 cibus,
1307 2246 1395 2279 quae
1432 2231 1547 2280 pretio
1584 2228 1847 2267 divenduntur,

1142 2293 1203 2319 aut
1252 2282 1390 2331 copiose
1444 2280 1679 2317 distrahuntur
1703 2303 1714 2318 ‚
1767 2287 1850 2325 puta

1142 2335 1227 2381 Qoel
1254 2333 1392 2369 Fornat'o
1427 2333 1469 2367 ha
1498 2331 1644 2376 smaltt'to
1670 2329 1762 2363 molto
1789 2339 1851 2374 pa-

1143 2399 1180 2419 ne
1190 2399 1210 2428 ,·
1236 2386 1306 2431 quel
1333 2384 1503 2418 Bettoliere
1531 2384 1572 2417 ha
1604 2381 1746 2426 smaltito
1772 2379 1851 2412 mol-

1142 2446 1173 2470 to
1198 2435 1306 2477 vin0;
1335 2435 1406 2481 quel
1432 2433 1659 2479 pizzicagnolo
1688 2433 1728 2465 ba
1751 2430 1852 2473 smal-

1143 2486 1202 2520 tito
1227 2485 1319 2519 molto
1343 2485 1464 2529 salume
1490 2483 1562 2521 ἶφι.
1591 2482 1742 2518 Cuinam
1773 2493 1852 2527 per-

1144 2535 1283 2573 suadere
1318 2534 1422 2584 poffit
1457 2533 1673 2583 Menagius‚
1700 2532 1852 2618 vpcabu-

1743 2594 1802 2619 um
