2169 3047
241 242 321 283 743

233 288 487 333 Scripturarum
530 280 618 316 locis
656 279 800 315 eandem
844 281 944 328 phra-
980 283 1012 316 A

233 336 293 372 fim
311 362 319 371 .
360 336 465 369 Porro
493 330 721 367 confirmatur
753 330 854 376 origo
883 345 945 366 vo—

235 387 284 422 cis
306 389 441 419 Burlare
465 396 484 417 a
508 382 676 416 Burrella.
708 382 800 416 Nam
824 381 857 415 8(
883 394 946 416 nos

232 432 452 472 Mutinenses
478 432 629 467 dicimus
654 431 804 465 Sburlare
827 432 878 477 gli
901 445 941 465 oc-

232 486 300 529 chi,
324 497 385 533 pro
409 483 651 526 Exburrellare‚
672 481 738 516 hoc
760 480 804 516 est
824 495 841 516 e
863 485 939 516 Bur-

232 537 337 575 nlla,
376 534 431 570 seu
471 535 624 569 cavitate
654 533 775 568 oculos
815 531 883 567 fere
913 546 945 567 e-

233 587 380 629 ducere,
405 593 442 620 ut
463 582 693 619 intentissime
717 583 851 630 aliquid
876 582 946 630 spe—

234 637 367 673 &emus
387 663 395 671 .
428 635 482 671 Ita
513 633 791 670 Mediolanenses
820 633 948 668 habent

234 689 357 723 Burlar
381 690 456 733 gb,
486 699 548 734 pro
576 685 716 720 incaute
737 687 878 722 Cadere,
907 683 946 718 ad

234 738 339 773 instar
366 749 509 780 eorum,
549 735 610 782 qui
648 735 684 770 in
724 734 860 769 foveam
889 733 945 768 de-

234 787 328 837 cepti
357 788 518 821 cadunt.
561 786 677 820 Gallis
714 789 817 831 Trape
853 784 946 819 idem

233 838 279 874 est
306 852 344 874 ac
375 838 542 880 Burrella‚
571 835 609 871 ἃ
637 839 795 882 Amaper
821 834 865 870 est
894 847 944 869 ca-

235 903 314 937 pere
343 887 450 924 feram
480 888 516 922 in
547 887 670 930 fovea,
699 899 801 933 quam
833 885 945 920 mobi-

235 940 280 975 lis
309 940 428 974 tabula
466 937 625 972 insidiose
654 939 767 984 tegit.
803 940 946 980 ,Attrap-

233 991 325 1037 polar
348 1003 410 1024 nos
435 987 652 1024 Mutinenses
682 987 851 1022 dicimus.
881 988 945 1021 Vi-

237 1041 279 1076 de
309 1039 595 1075 Differrationem
623 1040 755 1073 XXVI.
784 1041 821 1071 de
850 1037 946 1071 Mili-

235 1091 361 1129 τίω-δε
391 1090 479 1124 infra
507 1089 587 1123 vide
613 1089 822 1123 vocabulum
843 1092 945 1132 Trap-

232 1142 327 1188 pola.
361 1139 465 1174 Hisce
493 1139 578 1173 adde
605 1139 638 1171 &
673 1138 830 1171 Paullum
861 1137 945 1171 Dia-

989 731 1018 764 B

236 1202 363 1224 conum
394 1189 475 1223 Lib.
500 1201 535 1233 4.
563 1188 650 1234 Cap.
678 1188 739 1232 46.
768 1187 809 1221 de
837 1187 946 1222 Gestis
982 1173 1017 1211 C

235 1240 577 1287 Langobardorum,
612 1238 696 1273 haec
732 1237 774 1272 de
813 1227 974 1290 Sclavisl

234 1291 518 1324 Beneventanam
546 1288 725 1336 regionem
755 1287 947 1337 affligenti-

234 1341 299 1374 bus
335 1339 568 1373 scribentem:
610 1341 678 1382 ‚Qui
714 1340 847 1373 occultas
883 1343 944 1373 Fo-

235 1403 312 1423 vecs
340 1390 418 1422 circa
441 1389 501 1432 sua
529 1403 570 1428 ca,
592 1403 626 1421 ra
650 1388 824 1431 facientes,
854 1403 946 1434 quum

236 1439 308 1482 „Aio
336 1439 512 1473 Beneventi
540 1442 614 1472 Dux
646 1439 738 1483 super
765 1450 812 1471 eor
841 1439 942 1482 venis-

230 1490 302 1535 set,
330 1490 432 1535 eosque
458 1490 613 1522 debellare
639 1490 758 1530 vellet,
796 1502 889 1534 equus
916 1503 944 1522 e-

232 1540 289 1587 jus
327 1540 359 1574 ie
387 1552 481 1574 una-vn
508 1541 544 1573 de
580 1539 691 1582 eisdem
720 1541 837 1574 Foveis
874 1540 946 1573 ceci-

237 1591 288 1625 dit
302 1615 311 1629 ,
333 1601 426 1635 atque
450 1589 640 1624 irruentibus
659 1591 752 1634 super
772 1604 839 1624 eum
859 1592 946 1624 Scla-

237 1641 313 1678 vis,
335 1640 489 1674 extinf'us
518 1640 580 1681 eft.
611 1642 662 1674 Ita
688 1640 723 1675 in
747 1642 841 1688 Lege
865 1652 946 1688 310.

239 1691 405 1726 Rotharis
433 1690 742 1738 Langobardorum
772 1691 898 1736 Regis.
920 1690 949 1730 fi

237 1742 308 1788 quis
339 1740 486 1784 fossatum
512 1742 623 1775 occulte
649 1743 820 1787 cooperuit,
859 1741 947 1776 unde

237 1788 354 1827 alieno
396 1804 486 1838 equo
527 1801 586 1826 aut
627 1791 740 1838 pecori
781 1792 945 1826 damnum

237 1842 446 1889 contingat,
471 1841 529 1876 illi
550 1854 658 1880 poena
681 1841 872 1881 indicitur,
893 1843 948 1886 qui

236 1893 347 1926 occulte
369 1892 465 1936 fecit.
499 1890 646 1927 Constat
674 1892 780 1927 etiam
810 1906 852 1928 ex
883 1895 941 1928 Pa-

235 1943 464 1990 r‘alipomenis
509 1943 691 1988 Anonymi
734 1943 944 1978 Salernitani

236 1995 324 2039 Cap.
356 2004 411 2038 57.
443 1994 536 2027 Part.
568 1995 613 2027 ΙΙ.
641 1994 748 2027 Tomi
784 1996 827 2029 11.
869 1997 945 2029 Rer.

235 2044 438 2078 Italicarum
457 2068 466 2081 ‚
510 2042 790 2078 Christianorum
836 2045 940 2088 pluri-

237 2105 313 2128 mos
342 2104 460 2130 captos
488 2095 520 2128 ὃς
552 2094 819 2130 necatos·fuiffe
848 2096 939 2129 occul-

236 2143 279 2177 πίε
308 2145 339 2175 in
369 2145 513 2187 Famis,
543 2158 626 2191 quas
657 2145 815 2179 Saraceni
848 2159 939 2189 para-

237 2204 381 2228 verant.
419 2193 579 2229 Cadaloo
616 2208 756 2242 quoque
793 2197 942 2240 Antipa-

236 2257 300 2291 pae
324 2246 460 2278 Fomm
482 2246 512 2278 in
535 2248 645 2279 Seram
666 2246 839 2285 Mutinensi
862 2247 940 2281 stru-

236 2295 292 2329 xit
326 2295 464 2330 Beatrix
497 2295 634 2330 Ducifl'a
662 2295 832 2336 Tusciae,
873 2299 944 2331 Do-

235 2344 364 2378 nizone
405 2345 485 2380 teste
526 2346 562 2380 in
601 2346 686 2381 Vita
729 2346 944 2381 Math‘ldis.

235 2395 415 2438 Ejutmodi
457 2399 649 2430 Fovearum
694 2396 731 2430 in
768 2396 943 2432 obsidione

235 2447 384 2480 Cremae
411 2449 515 2480 Anno
542 2448 716 2482 MCLIX.
742 2448 876 2482 mentio
901 2447 946 2482 est

235 2495 323 2541 apud
356 2497 569 2531 Radevicum
601 2498 680 2533 Lib.
711 2509 742 2532 z.
770 2496 857 2533 Cat).
887 2508 944 2544 57.

235 2544 278 2582 de
304 2547 413 2584 Gestis
444 2546 616 2585 friderici
643 2550 671 2584 1.
699 2547 792 2585 Vide
827 2549 861 2584 &
896 2548 946 2584 eis

985 1627 1019 1659 D

529 219 896 265 DJSSERTATJO
929 216 1408 264 TRJGESIMATERTJ
1415 219 1448 259 A
1459 229 1470 260 .·

1109 278 1236 316 callide
1270 276 1368 312 usum
1398 276 1587 323 Roget-ium
1616 278 1657 312 de
1675 237 1818 313 ‘Issuria

1109 333 1217 366 Anno
1235 329 1532 364 MCCLXXXV.
1552 327 1712 362 adversus
1733 328 1820 362 Gal-

1107 382 1161 416 los
1177 381 1214 415 in
1233 377 1444 421 Catalonia‚
1465 376 1547 411 teste
1566 376 1720 411 Nicolao
1738 380 1821 424 Spe-

1109 430 1194 466 ciali
1221 429 1303 466 Lib.
1325 442 1358 465 2.
1384 429 1472 476 Cap.
1495 441 1531 472 4.
1558 426 1687 462 Histor.
1713 427 1820 463 Sicul-

1109 483 1229 517 Tomo
1259 482 1300 515 X.
1339 482 1418 515 Rer.
1457 478 1686 513 Italicarum.
1724 479 1821 512 Haec

1109 544 1272 580 germana
1302 529 1393 566 mihi
1421 529 1562 564 videtur
1591 528 1692 575 origo
1723 527 1822 562 verbi

1110 581 1231 618 Italici
1260 582 1415 616 Barlare.
1454 579 1556 614 Unde
1593 582 1676 614 vero
1706 580 1822 612 Bura.-

1110 634 1171 676 la,
1199 633 1371 674 Burrella,
1400 630 1456 666 seu
1485 631 1652 671 Borrella‚
1682 627 1822 664 descen-

1111 683 1224 726 derit,
1248 682 1330 717 vide
1357 682 1448 716 infra
1474 681 1511 716 in
1538 681 1710 716 vocabulo
1735 682 1823 714 Bur-

1110 747 1201 768 rone.
1223 732 1391 769 Ceterum
1414 731 1541 767 nedum
1563 729 1820 766 Mutinenfium

1111 784 1252 832 pueris,
1289 782 1343 818 sed
1381 781 1418 818 ὅ(
1458 781 1702 830 Regiensium,
1740 782 1823 815 Par-

1111 834 1278 870 mensium
1292 861 1302 878 ‚
1330 832 1623 871 Bononienfium‚
1652 831 1822 867 aliorum-

1112 898 1180 932 que
1209 885 1424 933 Populorum
1457 882 1734 918 adolescentibus
1763 881 1824 917 ad-

1112 935 1181 970 huc
1205 935 1244 971 in
1264 934 1324 970 usu
1345 935 1389 970 est
1413 933 1589 969 infantilis
1610 933 1730 969 Ludus
1754 936 1822 967 Bu-

1113 986 1236 1025 venae,
1273 985 1329 1020 seu
1360 984 1387 1020 il
1415 988 1514 1020 Gnaeo
1541 985 1628 1018 della
1657 984 1822 1021 BorreHa,

1113 1035 1157 1070 fic
1179 1036 1372 1084 appellatus
1398 1035 1440 1069 ab
1462 1035 1585 1083 exigua
1608 1033 1730 1073 fovea,
1755 1033 1822 1068 hoc

1113 1086 1158 1120 est
1173 1087 1338 1128 Borrella,
1356 1086 1392 1120 in
1412 1085 1486 1120 solo
1502 1085 1644 1128 cavata,
1664 1084 1699 1119 in
1717 1097 1821 1130 quarn

1112 1136 1254 1182 quidem
1281 1135 1422 1177 solatii,
1448 1135 1588 1181 jocique
1609 1135 1748 1176 caussa,
1767 1135 1823 1168 in-

1111 1185 1278 1234 terpoiito
1307 1183 1538 1231 quorumdam
1567 1184 1720 1231 passuum
1749 1183 1823 1230 spa-

1111 1235 1165 1272 tio
1182 1264 1191 1277 ,
1220 1236 1381 1271 manibus
1408 1233 1605 1270 immittere
1632 1235 1665 1268 δε
1695 1233 1823 1282 ᾗεὲἶειτε

1111 1287 1225 1323 solent
1252 1300 1378 1325 nuces,
1398 1284 1607 1334 nucleosque
1635 1297 1823 1333 pomorum

1112 1337 1325 1373 Persicorum
1342 1364 1352 1373 .

1062 1392 1188 1423 Burro.
1226 1388 1278 1422 Ita
1317 1401 1334 1421 a
1373 1386 1588 1422 Florentinis
1626 1387 1823 1434 appellatur

1111 1441 1291 1483 Butyrum.
1316 1439 1497 1482 Quantum
1526 1437 1551 1471 ii
1578 1451 1595 1471 a
1620 1437 1731 1484 prima
1758 1449 1824 1471 vo-

1111 1501 1150 1523 ce
1177 1487 1396 1531 recefferint,
1424 1486 1682 1523 animadverte.
1713 1489 1822 1523 Nem-

1113 1552 1176 1587 pe,
1213 1548 1252 1574 ut
1289 1537 1416 1574 uninor
1444 1541 1600 1579 Butyrum
1638 1547 1823 1573 converte-

1112 1598 1195 1624 runt
1222 1589 1259 1623 in
1285 1591 1443 1629 Burrum,
1469 1591 1589 1627 Burro,
1614 1592 1734 1628 Burro,
1761 1596 1822 1622 aut·

1113 1652 1130 1674 a
1146 1639 1260 1673 Gallis
1281 1651 1440 1685 accepere
1458 1641 1592 1672 Reme.
1615 1640 1690 1672 Nos
1711 1640 1823 1673 Lom-

1114 1689 1210 1724 bardi
1232 1689 1343 1723 adhuc
1365 1688 1515 1723 dicimus
1536 1688 1670 1726 Butircm
1691 1686 1729 1723 &
1751 1691 1822 1721 Bu-

1112 1751 1196 1783 ten,
1234 1738 1271 1774 ἃ
1310 1742 1443 1774 Botere.
1480 1738 1647 1773 Germani
1682 1751 1822 1785 quoque

1112 1792 1145 1825 &
1175 1790 1287 1837 Angli
1316 1793 1431 1824 Butter
1458 1789 1634 1824 retinent.

1062 1845 1223 1876 Burrone.
1253 1843 1350 1874 Locus
1378 1840 1466 1885 asper
1493 1839 1534 1872 (9¹
1560 1839 1732 1885 profundus
1761 1838 1824 1874 sub

1113 1891 1281 1938 rupibus,
1319 1890 1373 1926 Ira
1409 1889 1615 1924 Academici
1653 1888 1823 1925 Cruscani

1113 1942 1150 1978 in
1179 1940 1437 1976 Vocabulario.
1475 1940 1595 1975 Etiam
1623 1943 1740 1978 Borro,
1769 1949 1823 1974 te-

1112 1992 1217 2027 stibus
1245 1991 1322 2038 ipfis
1359 1992 1456 2024 locum
1492 2001 1691 2034 praeruptum
1718 1989 1824 2037 figni-

1113 2042 1217 2083 ficat,
1244 2055 1303 2089 per
1328 2054 1430 2088 quem
1457 2041 1580 2076 defluit
1605 2054 1711 2087 aqua.
1741 2039 1824 2075 Me-

1113 2093 1236 2140 nagius
1265 2092 1414 2139 originis
1442 2091 1596 2126 diversae
1633 2091 1824 2126 arbitratur

1113 2147 1237 2186 Bono,
1274 2144 1307 2178 &
1338 2146 1500 2176 Eua-rone.
1540 2144 1618 2177 Hoc
1650 2155 1668 2176 a
1698 2144 1824 2175 Burrus

1115 2194 1249 2230 Larino
1278 2193 1450 2227 vocabulo
1480 2192 1602 2238 (quod
1633 2202 1749 2226 tamen
1778 2191 1826 2226 il-

1114 2245 1146 2279 le
1175 2243 1234 2279 fibi
1264 2243 1396 2289 finxit)
1420 2242 1635 2290 significante
1655 2243 1824 2284 Cirratus,

1112 2296 1275 2339 crispatus
1295 2319 1306 2333 ,
1344 2294 1501 2337 Rapidus
1520 2322 1528 2335 ,
1565 2293 1703 2328 derivat
1724 2319 1733 2327 .
1774 2294 1825 2327 At

1111 2348 1212 2380 Borro
1235 2359 1253 2380 e
1276 2347 1411 2379 Graeco
1435 2355 1450 2375 B
1469 2362 1504 2380 (ος
1529 2344 1690 2383 deducit.
1720 2341 1824 2388 figni-

1113 2395 1238 2430 ficanre
1258 2397 1365 2430 Rivus
1385 2396 1417 2428 in
1438 2396 1561 2439 praelo.
1583 2396 1658 2442 Ego
1675 2391 1711 2428 &
1736 2392 1825 2428 hanc

1106 2459 1235 2481 vocem
1265 2446 1303 2481 ea
1332 2445 1589 2492 significatione
1626 2443 1824 2480 adhibitam

1111 2496 1264 2544 suspicor
1287 2495 1497 2538 confflem,
1524 2506 1584 2530 aut
1613 2495 1729 2530 saltem
1762 2493 1825 2528 du-

1111 2548 1236 2585 biam.
1277 2547 1430 2584 Nullum
1467 2546 1616 2596 proinde
1653 2558 1712 2630 eaE
1733 2542 1827 2580 hisce

1718 2603 1774 2641 ty-
