2169 3047
383 202 470 257 895
659 197 1088 258 ANTIQUIT.
1137 197 1383 242 MEDM
1426 198 1618 243 AEVI
1807 202 1894 255 896

374 273 461 309 guae
489 258 619 295 fassum
657 258 789 299 fuerit,
825 269 967 306 eratque
994 257 1082 293 olim
1120 260 1151 294 A
1248 258 1311 294 Sed
1339 271 1425 306 quae
1453 259 1494 296 de
1524 259 1674 295 Nacariis
1701 258 1953 309 Du-Cangius

373 312 412 346 in
430 309 510 346 usu.
531 313 583 345 At
604 310 751 357 Populi,
773 310 956 358 praecipue
973 311 1080 345 Lom—
1248 309 1434 358 congessit,
1458 310 1539 347 satis
1563 310 1744 354 indicant,
1770 323 1840 347 non
1866 312 1953 359 apud

373 362 496 404 bardi,
534 361 708 409 prolixam
740 374 861 396 vocem
899 369 1082 396 contraxe-
1247 362 1423 402 Graecos,
1461 361 1516 397 sed
1553 363 1642 410 apud
1680 361 1812 397 Arabes
1851 375 1956 410 quae-

373 426 411 448 re
434 439 444 455 ,
481 412 515 446 δε
555 411 661 447 evafit
696 411 968 451 Ammonchime,
1007 420 1081 446 tum
1247 411 1387 447 rendam
1421 412 1484 447 effe
1522 412 1622 459 hujus
1651 412 1816 448 vocabuli
1843 412 1954 461 origi*-

375 463 637 507 Ammucchiare‚
663 476 733 509 quo
761 462 871 498 adhuc
899 460 1082 497 familiari·
1247 475 1324 498 nem
1341 489 1348 497 .
1379 465 1521 509 Quippe
1550 463 1606 497 illi
1634 464 1782 497 Nacariis
1810 462 1889 498 sunt
1917 477 1956 498 u—

378 522 432 550 ter
459 523 629 549 utuntur.
659 515 706 547 Et
733 513 814 548 inde
842 513 1006 547 Muccbio.
1246 511 1290 548 fi.
1321 515 1366 547 Et
1392 525 1510 547 revera
1536 512 1728 547 Arabicum
1755 526 1881 549 nomen
1911 513 1955 549 est

327 565 464 612 M⁴.ffa.
494 566 626 598 Mucor.
655 562 800 597 Scilicet
827 566 960 608 Lanugo
987 575 1005 596 e
1034 561 1085 596 su·
1247 564 1417 601 Nachera‚
1455 575 1472 596 e
1510 565 1641 607 Naqara
1679 570 1796 597 natum
1816 589 1826 605 ‚
1863 565 1955 609 quod

377 614 519 664 perficie
544 626 656 648 rerum
682 612 953 661 putrescentium
975 625 1083 647 emer·
1247 614 1390 647 verbum
1410 639 1420 656 ,
1462 612 1586 647 Gellio
1630 611 1710 647 teste
1731 636 1740 651 ‚
1785 611 1955 660 fignificat

377 678 480 714 gens.
511 666 563 698 De
590 663 696 698 doliis
725 663 940 711 potiffimiim
968 663 1004 698 id
1033 662 1083 697 di·
1247 656 1416 708 Perc'uffit,
1437 661 1482 700 ὅ)
1509 662 1600 704 illusit
1622 663 1763 709 pollicem
1785 664 1885 697 medio
1906 665 1958 699 ai-

379 715 517 754 cimus,
554 714 644 750 unde
675 714 770 749 Vino
807 715 965 762 ingratus
1000 713 1087 748 odor
1130 711 1157 745 Β
1243 714 1334 761 gito,
1363 715 1404 746 (7
1442 713 1515 747 inde
1540 713 1674 754 divulsit
1705 715 1882 757 crepitandi
1909 728 1957 748 er-

379 765 537 808 accedit,
559 776 663 812 quem
688 774 826 808 prr-<zore
844 764 881 798 di
900 765 1013 811 Muffa
1032 777 1090 811 ap-
1243 777 1303 811 go.
1331 766 1450 811 Atque
1471 763 1551 800 inde
1576 765 1704 800 Arabes
1728 765 1958 801 efformarunt

379 817 572 865 pellamus.
601 814 789 863 Menagius
818 829 835 850 e
863 818 994 849 Astacus
1022 816 1092 850 La-

381 867 562 906 tinorum,
600 868 752 909 Murcus,
781 868 916 905 Mucca,
952 865 1091 910 Muffa,

380 917 498 953 hercle
535 915 727 952 infeliciter
762 916 950 952 trahebat.
988 916 1092 951 Malo

382 981 448 1016 ego
486 967 621 1003 credere
658 967 769 1003 adhuc
799 967 956 1016 ignotam
988 980 1091 1001 voca-

382 1018 459 1054 buli
502 1018 701 1066 originem.
745 1020 930 1054 Cramerus
972 1017 1094 1053 auetor-

381 1069 450 1112 est,
488 1069 682 1104 saxonibus
719 1069 783 1104 esse
820 1070 963 1105 verbum
999 1067 1090 1110 Muf-

378 1120 461 1163 fen,
498 1118 693 1166 significans
729 1119 852 1153 sentire
887 1121 923 1152 di
956 1118 1092 1163 Muffa.

382 1169 420 1204 Si
457 1170 670 1215 antiquum,
707 1166 743 1203 &
784 1168 961 1216 proprium
995 1159 1093 1203 illius
1123 1161 1157 1197 C

381 1218 544 1266 Linguae
568 1219 709 1255 verbum
732 1217 798 1259 est,
823 1218 904 1253 inde
929 1218 1010 1253 Itali
1038 1232 1093 1254 ac-

382 1269 549 1316 cepissent
577 1269 672 1303 suum
704 1268 846 1313 Muffa,·
873 1268 909 1303 ἃ
934 1268 1092 1312 Muffire‚

382 1319 476 1364 quod
493 1318 532 1351 de
547 1330 652 1363 pane,
666 1317 812 1361 aliisque
824 1317 951 1350 eduliis
962 1340 972 1354 ,
984 1329 1092 1361 quum

381 1365 574 1416 putrescere
612 1365 793 1413 incipiunt
813 1391 824 1409 ,
853 1364 968 1400 dicere
1004 1364 1092 1403 sole-

379 1430 458 1458 mus
475 1443 483 1453 e

434 1671 589 1707 Accbere.
619 1668 783 1705 Dicimus
810 1673 928 1705 Sonare
951 1671 981 1704 Ie
1004 1673 1090 1705 Na:-

459 1726 569 1762 chm,
597 1734 704 1770 quum
734 1720 830 1769 pueri
859 1721 1009 1769 geminis
1036 1720 1091 1756 os-

377 1773 513 1812 ficulis,
552 1782 612 1809 aut
639 1771 769 1821 lignis,
808 1782 867 1807 aut
897 1772 1089 1820 putamini-

376 1824 440 1860 bus
476 1836 603 1859 nucum
628 1851 638 1867 ,
675 1823 732 1859 vel
771 1822 920 1858 vasculis
952 1823 993 1858 ad
1028 1837 1089 1871 pu-

376 1874 553 1909 taminum
592 1873 859 1910 fimilitudinem
896 1874 1089 1910 efformatis

377 1923 605 1971 (Castagnette
641 1926 856 1974 appellamus
893 1938 937 1960 ex
972 1925 1089 1960 Casta-

375 1986 518 2010 nearum
551 1975 685 2020 forma,
714 1989 816 2024 quam
849 1975 1003 2024 habent)
1034 1975 1088 2010 in-

375 2026 493 2060 vicem
520 2038 585 2072 ope
609 2027 801 2073 digitorum
830 2026 1012 2075 percuffi8‚
1036 2025 1087 2061 so-

375 2086 461 2109 num
491 2075 666 2116 eliciunt,
695 2077 790 2122 cujus
818 2076 1023 2125 crepitaculi
1052 2077 1089 2112 in
1114 2088 1116 2091 “

375 2133 513 2169 choreis
539 2132 714 2169 interdum
742 2135 785 2169 est
812 2136 908 2171 usus.
937 2137 995 2171 Ab
1022 2128 1088 2169 A’-

375 2184 548 2239 νοῖκοιροι,
576 2192 687 2240 specie
710 2194 890 2241 Tympani
917 2208 985 2230 vox
1011 2208 1087 2241 pro-

374 2241 467 2277 festa
497 2243 648 2279 creditur
676 2243 864 2293 Menagio.
895 2246 1087 2295 Georgium

373 2293 552 2329 Codinum
571 2322 580 2337 ,
606 2294 660 2330 sed
688 2296 819 2331 nullius
843 2297 1002 2342 ponderis
1026 2296 1087 2332 hac

373 2342 413 2379 in
435 2358 469 2380 re
497 2344 637 2385 testem,
666 2345 695 2381 is
723 2346 860 2381 laudat:
887 2360 991 2393 quum
1015 2349 1086 2383 Co-

373 2393 478 2430 dinus
505 2397 639 2432 saeculi
661 2395 849 2432 Christiani
876 2397 1080 2442 Quinetide-

373 2444 460 2480 cimi
500 2447 657 2490 Scriptor
693 2448 875 2484 credatur.
919 2447 1087 2496 Menagio

371 2495 527 2544 praeivit
549 2496 684 2533 Voffius
707 2498 743 2534 in
766 2498 832 2534 hoc
853 2501 984 2544 Etymo
1006 2500 1087 2542 Lib.

329 2562 333 2564 ·
371 2558 405 2598 3.
443 2548 529 2595 Cap.
574 2560 631 2585 22.
669 2550 710 2586 de
738 2549 851 2586 vitiis
888 2550 1087 2586 Sermonis.

1124 1622 1158 1655 D

1246 818 1397 861 Narqon,
1423 814 1616 863 significans
1642 816 1808 850 excitatum
1833 817 1957 850 violen-

1246 875 1281 900 ta
1301 865 1471 904 cole‘ilorum
1490 866 1661 912 digitorum
1686 867 1807 911 pollicis
1827 866 1872 904 &⁴
1894 880 1959 900 me-

1246 916 1296 950 dii
1315 915 1455 955 vulfione
1474 917 1640 962 crepitum.
1663 919 1757 951 Haec
1780 926 1871 952 certa
1895 930 1959 952 vo-

1248 966 1361 1001 cabuli
1392 968 1550 1001 Nacchera
1579 967 1679 1013 origo
1709 967 1869 1011 videtur,
1908 967 1958 1003 ita

1249 1028 1288 1052 ut
1309 1019 1420 1059 elapsa
1451 1018 1539 1052 mihi
1569 1017 1672 1053 fuerit
1693 1019 1892 1060 dubitatio,
1916 1031 1960 1053 an

1247 1069 1406 1103 Nan-hera
1437 1069 1598 1114 prodiisse
1637 1069 1788 1117 potuerit
1818 1083 1859 1104 ex
1890 1069 1960 1104 Hi-

1247 1117 1388 1164 spanico
1415 1122 1547 1157 Naar,
1576 1119 1791 1166 significante
1819 1120 1960 1154 Concha-

1246 1180 1314 1201 rum
1341 1167 1469 1208 testam.
1498 1167 1588 1212 quas]
1630 1170 1743 1215 primo
1775 1169 1869 1216 pueri
1902 1183 1959 1203 ea-

1247 1217 1338 1254 sdem
1365 1217 1589 1253 adhibuerint
1614 1218 1653 1252 ad
1683 1218 1851 1263 ejusmodi
1879 1218 1958 1253 stre-

1247 1269 1362 1315 pitum
1390 1270 1582 1302 edendum.
1612 1271 1687 1301 Nos
1717 1268 1958 1312 Mutinenses,

1248 1317 1401 1360 aliique,
1440 1325 1478 1348 ut
1509 1324 1594 1360 puto
1613 1341 1622 1356 ,
1656 1316 1848 1350 Lombardi
1867 1344 1876 1358 ,
1906 1319 1960 1352 di-

1248 1364 1360 1398 cimus
1388 1366 1568 1408 Gnaccun,
1608 1377 1695 1411 quae
1723 1365 1847 1401 Tuscis
1883 1365 1961 1404 sunt

1247 1416 1422 1450 Nacchere.

1196 1467 1310 1500 Nano.
1341 1466 1499 1501 pumilio.
1539 1467 1666 1501 Pururn
1699 1477 1821 1516 putum
1851 1470 1960 1504 Grae-

1248 1516 1321 1552 ciae
1350 1517 1558 1552 vocabulum
1599 1517 1669 1557 est,
1707 1520 1747 1554 de
1776 1533 1845 1566 quo
1874 1521 1960 1555 Gel-

1247 1566 1315 1602 lius
1340 1568 1420 1603 Lib.
1451 1580 1506 1615 19.
1532 1570 1618 1615 Cap.
1650 1581 1703 1616 13.
1732 1570 1959 1611 Aristoteles,

1246 1619 1278 1653 &
1303 1618 1505 1654 Schol=astes
1528 1619 1770 1667 Aristophanis
1792 1621 1835 1656 ufi
1860 1621 1957 1661 sunt.

1247 1679 1351 1717 atque
1367 1670 1460 1705 inter
1479 1670 1626 1706 Latinos
1651 1673 1838 1707 Laberius.
1859 1674 1958 1717 Qua-

1246 1733 1282 1755 re
1310 1720 1427 1766 inquit
1459 1721 1548 1756 idem
1578 1723 1737 1763 Gellius,
1776 1724 1808 1756 in
1836 1725 1959 1764 conlue-

1246 1771 1356 1804 tudine
1383 1771 1506 1817 quidem
1538 1772 1675 1816 imperiti
1701 1773 1798 1818 vulgi
1826 1774 1866 1813 est
1894 1774 1958 1815 fre-

1246 1834 1361 1869 quens,
1380 1822 1434 1864 [ed
1452 1823 1618 1855 barbarum
1640 1835 1698 1856 non
1718 1823 1777 1864 est.
1806 1823 1842 1858 [n
1865 1825 1957 1860 Gru-

1246 1871 1379 1907 teriana
1412 1885 1551 1920 quoque
1582 1872 1815 1923 inscriptione
1842 1877 1957 1910 Nanus

1247 1932 1401 1958 occurrit
1418 1950 1427 1960 .

1196 1977 1328 2021 Ναρρο.
1367 1977 1505 2013 Parem,
1535 1977 1665 2010 Crater.
1705 1974 1874 2024 Menagio
1904 1976 1959 2012 su-

1248 2025 1358 2072 spicio
1386 2028 1509 2060 oborta
1538 2025 1606 2064 est,
1636 2026 1828 2062 derivatam
1859 2027 1957 2065 fuisse

1247 2075 1335 2110 hanc
1358 2089 1478 2111 vocem
1501 2086 1561 2112 aut
1581 2089 1598 2110 a
1620 2078 1725 2111 Nwis
1749 2078 1865 2125 (quod
1889 2079 1957 2113 mi—

1246 2126 1343 2161 nime
1376 2127 1553 2162 ferendum
1582 2128 1728 2183 quisque
1765 2128 1958 2178 agnoscat)

1247 2187 1307 2212 aut
1335 2177 1376 2212 ab
1404 2177 1552 2224 antiquo
1579 2179 1721 2213 Galum
1748 2182 1887 2225 Ηαηαρ,
1916 2180 1957 2216 de

1246 2241 1316 2274 quo
1342 2227 1451 2264 infra.
1482 2230 1508 2262 A
1539 2229 1668 2265 Latino
1692 2230 1783 2264 Ofrba
1808 2244 1877 2266 non
1903 2244 1955 2266 re-

1246 2278 1336 2314 &ius
1364 2292 1438 2313 eam
1469 2280 1643 2314 Ferrarius
1673 2280 1841 2316 deduxit.
1869 2283 1955 2315 Om-

1245 2332 1332 2364 nino
1363 2330 1452 2364 mihi
1481 2330 1690 2366 Germanica
1720 2331 1763 2366 est
1794 2332 1887 2366 vocis
1913 2342 1954 2364 o-

1245 2379 1344 2426 rigo·
1374 2381 1516 2415 Habent
1540 2381 1632 2415 enim
1656 2382 1819 2416 Germani
1841 2380 1952 2426 Napf‚

1245 2431 1276 2465 8<
1307 2433 1424 2476 Ναρρ,
1465 2430 1658 2479 significans
1687 2431 1823 2470 catino.
1854 2430 1952 2464 Baci-

1246 2494 1305 2524 no‚
1333 2481 1426 2529 quod
1455 2482 1547 2516 VasJs
1574 2493 1678 2528 genus
1706 2479 1745 2513 ad
1768 2480 1858 2514 ‘Vini
1889 2493 1951 2526 po-

1246 2539 1322 2567 tum
1351 2533 1555 2568 translatum
1585 2529 1676 2567 fuit.
1710 2530 1750 2564 In
1779 2530 1953 2576 antiquis=

1812 2596 1897 2635 fimo
