2169 3047
432 240 517 288 607

775 225 1152 286 ANTIQUIT.
1191 224 1408 272 MEDII
1442 225 1606 270 AEV]

1865 227 1951 273 '608

372 291 455 329 haer
478 292 594 334 fuere,
622 289 644 327 fi
667 288 815 332 Paqium
837 288 1034 337 sequimur,
1059 288 1134 322 An·
1180 291 1211 325 A
1252 285 1288 321 in
1320 284 1438 322 Urbe.
1472 287 1531 323 Ad
1559 285 1810 336 Langobardos
1838 293 1931 336 quod
1959 296 2013 324 at-

372 358 421 380 no
454 343 537 380 Chr.
570 354 654 390 552.
692 342 754 378 Sed
792 341 940 376 minime
977 340 1134 374 animad-

373 396 484 432 vertit
508 394 564 430 vir
593 396 752 441 alioquin
778 390 1055 429 oculatiffixnuffi
1082 402 1131 425 re-

373 447 412 493 sp
430 459 505 482 cere
545 446 709 493 Procopii
754 445 856 479 verba
898 456 955 478 eos
997 450 1133 476 tantum

375 499 515 534 Gorhos
534 526 543 539 ,
579 510 636 544 qua
671 496 829 543 proelio,
866 494 904 529 in
933 507 1003 540 quo
1031 493 1135 526 ‘feias

376 548 564 598 postremus
600 559 719 582 eorum
762 548 835 579 Rex
873 545 1035 584 cecidit,
1081 541 1131 576 su-

375 600 560 648 perfuere.
601 600 646 632 Et
682 608 800 631 revera
821 621 832 637 ,
870 595 925 629 uti
962 591 1135 641 Agathias

375 651 459 686 Lib.
491 652 514 683 1.
543 646 693 689 scribit,
730 645 898 679 Gothorum
929 644 1136 689 superstites,

375 700 563 741 instantium
587 699 733 745 perpetu)
762 700 973 730 Romanorum
1000 694 1138 740 fatigati

376 750 548 790 incursibus
560 773 570 789 ‚
594 749 736 794 pepigere
755 761 822 781 cum
842 747 993 789 Narlete,
1012 755 1048 779 ut
1066 746 1135 788 [uas

369 802 434 844 fibt
462 813 558 835 terras
586 800 728 834 babitare
756 808 858 832 tutum
887 795 978 843 effet,
1014 799 1135 831 Roma-

376 866 416 887 no
448 851 625 890 Imperatori
650 849 802 896 parituris
832 849 864 881 in
891 848 1061 892 posterum.
1099 846 1138 883 Id

375 904 427 939 eis
457 902 581 939 Narses
618 899 780 936 indulfit.
823 901 1006 947 Propterea
1042 898 1140 932 Gothi

373 954 441 1002 post
469 954 529 987 illa
555 963 708 988 conventa
739 950 857 991 diversi
883 951 1032 992 iverant,
1067 950 1136 996 qui-

377 1007 435 1041 bus
461 1005 540 1040 citra
567 1007 690 1038 Padum
719 1003 800 1043 sedes
822 1001 973 1045 fuerant,
1009 1000 1043 1034 ίη
1071 1002 1137 1034 Tu-

373 1056 472 1101 sciam
488 1083 499 1098 ,
531 1054 779 1101 Liguriamque,
809 1062 866 1087 aut
891 1053 956 1086 alio
981 1064 1040 1098 quo
1069 1050 1138 1085 vel-

378 1107 469 1146 lent,
495 1117 587 1150 atque
615 1105 660 1139 ibi
686 1107 798 1138 vivere
824 1102 1042 1147 affueveram.
1079 1103 1140 1135 Ce-

377 1158 438 1191 teri
477 1157 509 1190 in
539 1155 678 1196 castella
705 1154 891 1199 oppidaque
926 1154 1006 1186 circa
1043 1154 1141 1184 Vene-

379 1208 481 1249 tiam,
508 1207 620 1251 quibus
645 1207 676 1247 le
703 1204 799 1237 multo
827 1213 900 1236 ante
925 1212 1026 1236 tenere
1052 1211 1142 1235 erant

373 1258 483 1303 soliti.
505 1255 602 1301 Quid
628 1253 746 1302 plura?
773 1254 907 1288 Bellum
935 1251 1046 1287 rursus
1067 1254 1140 1286 Go-

379 1308 435 1344 thi
472 1307 533 1354 ipsi
573 1305 708 1354 potenti
738 1307 949 1340 Francorum
981 1303 1141 1338 exercitu

378 1358 417 1395 in
447 1358 583 1393 ltaliam
614 1356 751 1398 accito,
775 1354 918 1389 Graecis
944 1353 1142 1387 intulerunt

379 1411 490 1445 Anno
521 1419 604 1455 553.
636 1410 686 1441 At
714 1418 772 1440 eos
803 1405 930 1439 iterum
960 1415 1030 1437 non
1057 1401 1141 1436 defi-

381 1460 497 1495 diosus
527 1457 651 1494 Narses
680 1452 873 1503 oppressit,
909 1455 943 1487 8(
971 1465 1059 1499 quos
1088 1464 1138 1487 ar-

378 1523 493 1546 matos
533 1518 653 1544 contra
691 1505 724 1540 se
760 1504 921 1553 reperit,
958 1517 995 1537 ne
1031 1503 1143 1537 iterum

378 1562 589 1601 rebellarent,
626 1569 727 1590 omnes
758 1557 802 1590 ad
829 1558 1044 1601 Imperatorem
1073 1557 1136 1601 By-

380 1612 525 1657 zantium
550 1608 653 1649 misit.
683 1607 852 1653 Reliquos
880 1618 960 1640 vero
981 1604 1142 1645 Gothos.

378 1662 439 1709 qui
469 1662 506 1696 in
535 1659 602 1696 fide
639 1658 828 1700 steterant,
865 1670 1056 1704 eorumque
1091 1655 1139 1691 fa-

379 1713 498 1748 milias
524 1711 560 1747 in
589 1711 690 1746 Italia
718 1708 943 1751 constitutas,
973 1707 1139 1754 nusquam

379 1764 528 1809 legimus
557 1763 757 1797 exturbatas
786 1774 827 1795 ex
864 1759 956 1794 hisce
985 1758 1138 1807 regioni-

379 1814 464 1849 bus.
492 1814 597 1858 Quod
618 1814 649 1846 ἃ
678 1811 749 1857 ipse
774 1809 962 1857 Maffejus.
983 1809 1038 1845 sua
1068 1809 1140 1856 ipsa

376 1863 548 1900 scrutatus
571 1890 580 1906 ,
620 1861 775 1897 didi‹iffe
820 1871 1010 1908 potuerat.
1047 1860 1139 1896 Vide

378 1915 547 1950 Chartam
592 1912 800 1951 Reatinam,
838 1912 880 1947 ab
917 1911 1037 1946 eodem
1079 1925 1139 1958 pu-

378 1965 466 2002 blfci
490 1964 573 2010 juris
601 1963 726 1998 fabiam
757 1976 832 2011 pag.
859 1963 940 1998 161.
962 1962 1050 1998 H=st.
1076 1963 1138 1997 Di-

377 2017 525 2065 plomat.
562 2015 696 2057 Scripta
734 2027 772 2049 ea
810 2013 878 2048 fuit
918 2016 1026 2049 Anno
1052 2013 1137 2049 chr.

379 2078 464 2114 537.
489 2069 617 2105 Reate,
643 2064 710 2100 hoc
735 2063 777 2100 est
803 2064 916 2100 tribus
941 2064 1042 2100 annis
1069 2063 1139 2111 post

374 2117 524 2153 Gothici
556 2117 638 2152 belli
667 2115 793 2152 finem.
822 2117 876 2150 Ibi
903 2116 1062 2149 G1mdih1l
1087 2117 1135 2149 in-

376 2169 480 2208 lustris
507 2168 625 2210 femina
653 2177 803 2202 tutorem
839 2166 926 2212 petit
955 2164 1041 2201 filiis
1070 2165 1138 2201 suis

376 2218 523 2266 pupillis
544 2218 699 2252 Lendarit
744 2217 775 2250 8<
799 2216 961 2251 Landarit
987 2216 1021 2251 in
1044 2216 1136 2251 caus-

376 2268 444 2308 ἧς,
482 2271 517 2304 in
547 2268 673 2315 quibus
704 2266 871 2301 Guduhuls
906 2267 961 2300 vir
998 2268 1138 2310 inlustris

375 2318 592 2369 pupillorum
633 2327 750 2366 pater,
787 2328 860 2351 ante
889 2318 955 2351 dies
985 2318 1054 2359 istos
1083 2318 1119 2354 vi

376 2371 411 2406 ta
440 2369 579 2405 suffitus
606 2369 647 2404 ab
673 2369 784 2403 Aliud
812 2368 938 2409 inlustri
965 2370 1057 2410 viro,
1084 2370 1138 2403 vel

374 2436 395 2458 a
422 2421 603 2465 Rosemund
639 2420 851 2465 cognominato
879 2419 1031 2465 Taffbne,
1069 2434 1135 2453 nec·

377 2485 437 2507 non
458 2487 477 2505 a
498 2472 654 2507 Gundrrit
677 2471 820 2516 pulsatus
839 2470 962 2512 fuerat.
992 2472 1043 2504 En
1067 2471 1135 2512 post

374 2522 529 2559 deletum
568 2521 767 2557 Gozhorum
808 2522 965 2568 Regnum
998 2520 1134 2556 Gothos

378 2573 511 2616 adhuc,
540 2572 578 2610 &
606 2571 749 2620 quidem
782 2571 958 2616 Nobiles,
989 2572 1138 2608 Reatina

1252 337 1343 374 tinet
1360 365 1370 382 ,
1407 338 1660 374 animadvertit
1686 338 1874 387 Maffejus,
1896 340 2011 388 fingu-

1251 393 1347 423 larem
1390 388 1477 424 olim
1517 389 1590 439 ejus
1635 390 1751 439 gentis
1790 391 2037 437 proprietatem*

1251 438 1370 479 fuine,
1398 453 1524 489 paucos
1551 441 1640 490 effe3
1672 440 1751 476 sunt
1777 440 1872 476 enim
1901 442 2013 477 Taci-

1251 491 1280 525 ti
1308 492 1439 526 verba:
1471 494 1693 539 Langobardos
1722 493 1866 537 paucitas
1892 494 2012 528 nobili-

1251 551 1319 576 ται.
1361 543 1493 576 Verum
1523 556 1540 576 a
1568 542 1691 577 Taciti
1719 553 1832 578 aetate
1863 543 1905 579 ad
1934 545 2013 580 An-

1253 604 1335 626 num
1374 591 1459 627 Chr.
1490 594 1573 637 5⁶8.
1612 605 1682 638 quo
1714 594 1938 641 Langobardi
1976 594 2014 630 in

1254 642 1393 676 ltaliam
1422 643 1622 685 irruerunt,
1658 644 1744 677 adeo
1773 645 1921 691 populus
1947 644 2013 680 ille

1252 703 1433 733 creverat,
1468 702 1507 728 ut
1537 694 1777 738 Pannoniam,
1816 692 1853 730 &
1883 694 2012 730 Norici

1253 753 1408 787 partem,
1436 743 1549 778 immo
1575 745 1606 778 δι
1638 744 1799 779 saeviam
1829 745 1961 791 imam,
1988 744 2011 780 si

1251 792 1335 829 fides
1366 795 1517 838 Paullo,
1553 794 1615 830 suo
1645 793 1862 831 subdiderint
1899 796 2014 843 impe-

1251 846 1326 880 rio.
1362 847 1483 890 Quum
1513 858 1597 880 vero
1628 859 1670 880 ex
1704 846 1880 882 Pannonia
1913 846 1950 881 in
1980 848 2013 882 1-

1252 896 1375 930 taliam
1403 896 1548 944 digressa
1579 894 1685 930 fuerit
1713 909 1795 944 gens
1833 896 1896 932 illa
1933 898 2015 933 uni-

1254 945 1378 986 versa,
1414 946 1556 994 ejusque
1592 946 1725 993 potiori
1763 956 1858 995 parte
1897 947 2012 992 potita

1252 994 1383 1037 suerit,
1429 997 1582 1045 aliasque
1628 997 1735 1033 etiam
1783 998 2010 1033 Germanicas

1251 1058 1370 1096 gentes
1407 1047 1448 1083 ad
1487 1048 1649 1096 pinguem
1681 1050 1840 1096 praedam
1880 1060 2013 1098 pertra-

1252 1098 1369 1133 xerit:
1402 1099 1476 1146 jure
1503 1098 1700 1134 existimare
1730 1100 1926 1146 possumus,
1957 1099 2015 1135 in-

1251 1157 1390 1196 gentem
1417 1157 1616 1184 exterorum
1647 1148 1784 1195 copiam
1814 1149 1906 1185 sedes
1935 1150 2014 1186 heic

1251 1198 1312 1234 fibi
1354 1198 1560 1246 quaesnffe.
1604 1198 1762 1234 Difficile
1800 1212 1883 1235 vero
1922 1200 2014 1236 mihi

1252 1249 1514 1297 persuadeatur,
1541 1250 1681 1285 Italiam
1704 1251 1921 1298 temporibus
1943 1250 2011 1291 iis,

1251 1313 1462 1347 quamquam
1502 1300 1604 1335 bellis
1640 1313 1679 1335 ac
1717 1300 1922 1346 pestilentiis
1950 1315 2013 1337 ex-

1252 1350 1401 1384 haustam
1424 1376 1434 1393 ‚
1471 1351 1585 1397 plures
1622 1359 1739 1384 tamen
1776 1364 1879 1398 quam
1919 1365 2010 1389 nunc

1252 1399 1465 1434 habitatores
1503 1398 1652 1434 aluisse.
1691 1399 1783 1435 Vide
1806 1427 1814 1440 .
1851 1414 1938 1448 quae
1975 1404 2013 1438 in

1254 1449 1394 1484 Dissert.
1419 1451 1514 1484 XXI.
1534 1451 1571 1484 de
1595 1449 1726 1497 antiquo
1750 1452 1825 1485 Ital.
1845 1453 1933 1493 statu
1959 1453 2015 1489 su·-

1254 1514 1311 1547 pra
1349 1499 1513 1536 differui.
1553 1502 1677 1548 Neque
1714 1511 1807 1537 certe
1843 1503 2017 1550 tempori-

1253 1551 1314 1586 bus
1341 1551 1386 1587 iis
1417 1553 1529 1586 Roma
1557 1550 1629 1600 ipsa
1656 1551 1850 1589 ostentabat
1877 1563 1933 1589 tot
1968 1555 2016 1591 il-

1251 1602 1285 1637 la
1321 1602 1437 1638 decies
1474 1612 1619 1638 centena
1649 1602 1833 1639 hominum
1872 1605 2015 1650 millia,

1251 1666 1339 1700 quae
1367 1652 1519 1689 Saeculis
1553 1654 1722 1689 anteaffis
1752 1664 1933 1690 numerata
1960 1656 2014 1692 ibi

1244 1703 1366 1740 'fuer-e.
1397 1705 1498 1740 Adde
1525 1717 1618 1741 nunc
1644 1705 1775 1741 Gothis
1802 1705 1839 1741 ἃ
1869 1707 2014 1754 Lango-

1252 1755 1388 1796 bardis,
1417 1758 1652 1796 Francorum,
1676 1758 1930 1792 Germanorum
1945 1782 1955 1796 ‚
1977 1759 2011 1792 δε

1251 1807 1536 1842 Normannorum
1560 1805 1713 1841 familias
1733 1807 1770 1841 in
1794 1806 1935 1842 Italiam
1958 1807 2012 1843 su-

1251 1856 1355 1891 binde
1385 1855 1567 1895 investas,
1596 1869 1743 1904 quorum
1783 1856 1907 1905 singuli
1947 1871 2010 1906 pro

1251 1920 1347 1943 more
1384 1908 1522 1956 gentis,
1558 1907 1589 1942 δι
1632 1918 1773 1956 propter
1800 1909 2011 1949 commoda,

1251 1958 1376 2006 quibus
1405 1959 1625 1993 dominantes
1655 1959 1904 2002 abundabant,
1935 1959 2011 1995 stir-

1252 2022 1328 2057 pem
1367 2009 1459 2044 suam
1502 2022 1689 2057 propagare
1725 2009 2010 2046 consueverunt.

1253 2060 1413 2108 Denique
1441 2059 1524 2094 adde
1554 2062 1746 2100 Sarmatas.
1774 2060 1807 2094 &
1837 2062 2011 2096 Alaman-

1250 2124 1334 2149 nos,
1363 2111 1404 2145 de
1431 2111 1556 2159 quibus
1585 2110 1675 2146 infra
1708 2110 1820 2146 fermo
1847 2111 1940 2147 erit:
1971 2110 2009 2147 ἃ

1251 2162 1418 2210 majorem
1447 2174 1550 2208 quam
1581 2171 1680 2210 putet
1708 2162 1837 2209 aliquis
1866 2164 2010 2210 Septen-

1251 2213 1457 2248 trionalxum
1500 2213 1658 2261 gentium
1697 2213 1834 2257 copiam
1873 2212 2009 2248 intelli-

1251 2277 1307 2312 ges
1335 2264 1370 2299 in
1403 2264 1504 2298 Italia
1541 2265 1629 2299 lares
1666 2263 1800 2307 fixiffe‚
1835 2265 1866 2299 ἃ
1897 2262 2006 2311 poste-

1251 2328 1305 2350 ros
1340 2315 1544 2361 reliqunffe.
1581 2315 1645 2350 Sed
1683 2328 1786 2350 nemo
1813 2312 1938 2349 reffius
1965 2312 2008 2348 de

1221 2387 1225 2404 ‚
1251 2365 1344 2401 hisce
1380 2365 1533 2415 judicare
1564 2365 1699 2415 potest,
1727 2376 1828 2413 quam
1856 2362 1917 2410 qui
1947 2375 2007 2399 ve-

1250 2426 1338 2452 teres
1376 2416 1615 2451 Arehivorum
1644 2417 1790 2451 Chai-[as
1826 2413 2005 2449 versavit.

1251 2467 1345 2503 Mihi
1383 2467 1460 2502 sane
1497 2469 1533 2503 in
1571 2466 1616 2501 iis
1651 2463 1803 2500 occurrit
1839 2463 2005 2500 immanis

1250 2532 1368 2554 eorum
1406 2530 1595 2559 numerus,
1631 2514 1693 2562 qui
1730 2523 1789 2549 aut
1822 2517 2004 2558 Langobar-

1248 2569 1361 2610 ὀίεαι,
1391 2578 1450 2604 aut
1479 2567 1630 2611 salicae,
1663 2565 1841 2602 interdum
1870 2564 1908 2601 &
1937 2569 2006 2602 Ba-

1865 2630 1958 2653 vart-
