2169 3047
417 255 500 297 495
766 235 1077 296 ANTJQH
1091 234 1138 281 T.
1178 234 1386 279 MEDJJ
1420 234 1583 278 ΑΕΗ
1845 246 1934 295 496

359 308 413 336 rat
443 297 646 341 maffeius,
685 305 724 333 ut
760 311 779 334 a
807 297 909 333 sacris
937 297 1057 334 Libris
1085 309 1119 332 e-
1162 296 1350 344 Apulum
1400 294 1438 331 in
1484 294 1666 332 communi
1707 294 1768 332 usu
1809 298 1987 348 Linguam

359 348 825 398 docemur‚&potiffimum
839 348 1119 384 Matth.XXVI.
1231 346 1404 395 propriam
1432 375 1442 392 ‚
1486 347 1732 396 propriamque
1789 348 1991 386 Dialefi‘ium

359 404 480 447 Quum
509 414 614 450 ergo,
642 402 796 449 exempli
825 400 966 443 caussa,
1003 399 1119 434 inrue·
1230 399 1272 433 ab
1309 398 1388 434 aliis
1424 398 1595 434 diversam
1637 398 1812 438 habuisse,
1849 401 1991 437 eodem-

359 465 438 488 mur
472 453 637 489 Latinam
673 452 849 500 Linguam
874 451 997 486 Seculo
1018 451 1118 484 VIII.
1229 462 1296 496 que
1323 458 1480 498 tempore
1502 449 1694 493 Notarios‚
1722 449 1879 498 aliosque
1906 453 1990 488 lite-

358 504 391 538 &
421 506 483 539 lx.
512 503 705 538 adhibitam
745 503 781 537 in
820 501 971 550 publicis
1007 500 1118 536 Char-
1229 513 1343 535 rarum
1371 500 1630 548 aliquantulum
1667 514 1792 549 gnaros
1819 503 1988 539 Latinam

358 554 428 598 tis,
456 554 493 590 in
523 553 663 592 Libris,
692 552 728 587 in
757 550 1027 595 Concionibus,
1051 551 1116 586 mi·
1230 564 1335 599 paene
1372 550 1585 586 uniformem
1621 551 1813 588 adhibuisse
1848 553 1887 589 in
1923 568 1989 603 pu-

359 606 454 641 nime
501 604 583 640 inde
618 602 890 650 excogitandum
932 601 1003 645 est,
1041 614 1114 637 earn
1200 601 1333 641 2blicis
1362 601 1469 636 εξὶὶᾨ.

357 655 456 690 fuisse
485 653 606 702 populi
635 654 834 701 Linguam,
862 652 918 687 seu
940 652 1115 700 Linguam
1149 679 1152 695 ,
1200 643 1204 674 l
1279 651 1442 686 Alteram
1484 650 1818 689 animadversionem
1872 654 1960 690 addo
1980 682 1989 690 .

357 719 376 742 a
407 707 537 749 populo
568 704 696 739 Italico
732 704 768 738 in
807 703 989 739 communi
1020 716 1115 737 com—
1149 725 1152 743 ,
1200 719 1203 755 3
1229 704 1480 749 Quaecumque
1508 701 1549 737 fit
1569 702 1734 751 cujusque
1756 705 1877 753 populi
1899 705 1990 742 Lin-

356 817 555 855 temporum
585 806 733 841 Chartas
752 831 760 847 ‚
799 803 941 852 scriptas
978 813 1050 840 tarn
1079 804 1116 840 in
1229 804 1347 851 spera,
1375 802 1464 838 illud
1492 804 1710 852 experientia
1737 806 1892 850 constat,
1929 820 1991 843 na-

357 858 575 905 Campania,
602 857 707 903 quam
737 855 773 890 in
803 856 965 895 Etruria,
1004 855 1115 903 Ligu-
1229 855 1377 889 ruralem
1405 855 1591 900 quamdam
1619 857 1896 893 Grammaticam
1923 857 1990 893 fin-

356 910 430 948 ria‚
469 907 641 945 Venetia,
683 906 844 941 Aemilia
884 909 951 941 δες.
993 905 1113 941 Unam
1149 919 1152 927 ·
1228 905 1319 952 gulis
1349 905 1487 952 populis
1521 905 1625 940 inesse
1662 906 1703 940 ad
1743 906 1816 942 suas
1853 908 1989 957 cogita—

358 961 455 995 audis
498 958 676 1006 Linguam
717 956 883 992 Latinam
907 981 917 996 ,
960 957 1116 992 Soloeci-
1198 935 1344 991 ltiones
1380 956 1448 990 rite
1485 955 1730 1005 exponendas3
1769 956 1820 992 ita
1857 967 1896 993 ut
1933 960 1991 994 vel

356 1010 439 1046 smis
482 1009 630 1044 saturam
653 1020 665 1055 3
708 1020 819 1054 neque
860 1008 932 1042 ulla
973 1006 1116 1055 insignis
1149 1026 1152 1055 Ι
1197 984 1201 1053 l
1227 1007 1310 1041 rude
1333 1007 1467 1054 Vulgus
1484 1019 1523 1041 ac
1547 1006 1677 1042 Rustici
1700 1007 1858 1048 ὶηείοξὶί,
1881 1021 1990 1057 quum

359 1059 538 1096 diversitas
558 1057 712 1094 occurrit
733 1058 826 1092 inter
846 1058 1021 1105 Linguam
1046 1060 1116 1093 La·
1148 1058 1152 1095 3
1197 1056 1200 1088 l
1227 1057 1441 1103 loquuntur,
1485 1056 1633 1092 minime
1673 1068 1788 1094 errent
1829 1059 1866 1094 in
1903 1072 1990 1095 con-

356 1113 470 1147 tinam
499 1109 750 1146 Tabellionum
776 1109 1116 1151 Neapolitanorum,
1148 1109 1152 1125 ⁴
1228 1107 1419 1142 cordantiis
1473 1109 1669 1142 Nominum
1698 1135 1709 1152 ‚
1753 1110 1949 1146 Verborum
1976 1137 1988 1156 ,

357 1161 567 1198 Lucenfium
588 1187 597 1203 ,
626 1157 904 1198 Mutinenfium,
933 1161 1115 1193 Veronen-
1226 1158 1444 1204 Temporum
1474 1156 1543 1192 ἃς.
1583 1160 1707 1205 Neque
1743 1159 1862 1199 enim,
1899 1160 1989 1196 dicis

357 1213 441 1249 fium
482 1213 548 1247 &c.
590 1223 676 1259 quae
717 1219 835 1244 tamen
879 1210 1020 1252 Urbes,
1062 1208 1116 1244 uti
1157 1216 1189 1251 C
1227 1207 1371 1250 caussa,
1414 1206 1605 1243 femineum
1647 1208 1861 1256 adjeSiivum
1910 1223 1990 1246 cum

358 1265 576 1311 Linguarum
616 1272 737 1295 natura
773 1272 837 1294 nos
872 1259 995 1299 docet,
1032 1269 1116 1294 tunc
1147 1256 1151 1290 3
1228 1257 1420 1293 masculino
1448 1258 1592 1293 nomine
1628 1260 1876 1310 conjungunt;
1915 1275 1987 1297 non

357 1315 465 1350 etiam
493 1312 628 1348 diversa
655 1313 748 1346 inter
785 1311 817 1344 se
847 1309 1010 1345 Dinlefiio
1038 1319 1116 1345 ute·
1146 1291 1150 1376 1
1195 1272 1199 1388 l
1227 1309 1359 1355 plurale
1391 1309 1534 1344 verbum
1573 1318 1633 1344 aut
1669 1310 1865 1357 epithetum
1906 1325 1987 1348 cum

358 1366 484 1400 bantur
501 1392 508 1399 .
548 1362 775 1409 Consequens
802 1361 914 1406 igitur
940 1360 1008 1398 est,
1045 1362 1116 1395 La—
1226 1358 1389 1405 singulari
1410 1358 1646 1408 conneE’cuntg
1673 1374 1743 1395 non
1765 1375 1871 1397 unum
1896 1371 1988 1398 tem-

357 1416 469 1451 tinam
498 1415 596 1450 illam
627 1413 802 1459 Linguam
833 1422 902 1444 non
931 1411 973 1444 ab
1000 1408 1117 1444 infan-
1146 1377 1150 1484 r
1226 1421 1287 1456 pus
1317 1422 1378 1455 pro
1405 1409 1509 1458 longe
1536 1409 1672 1444 diverso
1701 1410 1885 1459 usurpant.
1917 1416 1986 1448 At-

356 1467 407 1501 tia
433 1494 444 1508 ,
490 1464 648 1511 magistra
691 1471 802 1495 matre
844 1470 903 1494 aut
944 1461 1082 1495 nutrice
1106 1487 1115 1504 ‚
1224 1459 1351 1505 quiin
1390 1459 1560 1503 Chartis‚
1599 1459 1705 1495 etiam
1733 1463 1986 1510 Langobardo-

355 1517 455 1552 fuxffe
482 1524 682 1559 acceptam,
711 1511 765 1545 sed
792 1523 810 1545 a
833 1510 943 1545 studio
971 1510 1116 1558 aliquo,
1145 1488 1149 1645 ι
1195 1524 1199 1655 ι
1224 1522 1300 1544 rum
1341 1511 1463 1557 Regno
1507 1510 1648 1557 vigente
1685 1510 1850 1559 scriptis,
1888 1515 1986 1550 nulla

1145 1705 1148 1729 ε

358 758 490 792 mercio
527 754 749 802 usurpatam.
792 753 960 800 Expende
995 767 1114 789 eorum
1148 755 1202 917 1121
1229 766 1320 801 gua,
1362 752 1429 787 five
1470 753 1650 788 DialeE'cus
1690 756 1830 804 elegans
1867 765 1928 792 aut
1954 770 1992 792 a-

355 1577 416 1602 aut
444 1565 503 1601 usu
531 1563 714 1598 hominum
742 1574 811 1595 non
843 1560 976 1608 prorsus
1004 1562 1117 1597 illite-
1225 1560 1487 1596 Grammaticae
1523 1561 1616 1596 ratio
1655 1560 1801 1598 habetur
1838 1572 1899 1599 aut
1928 1577 1989 1600 na-

355 1627 509 1652 ratorurn
550 1614 662 1661 postea
699 1610 887 1648 ac<effiffe.
925 1614 970 1646 Et
1007 1625 1116 1659 quum
1225 1610 1349 1646 turalis
1377 1620 1437 1646 aut
1464 1611 1686 1660 artificialis;
1724 1612 1845 1649 omnia
1881 1614 1987 1649 diffo-

355 1677 450 1703 certo
487 1666 617 1701 certius
655 1663 721 1708 fit,
763 1663 990 1698 Germaniam
1027 1676 1115 1710 quo·
1224 1674 1289 1704 na,
1317 1661 1436 1697 omnia
1465 1661 1558 1698 inter
1585 1662 1618 1698 se
1647 1663 1861 1710 pugnantia.
1891 1666 1985 1701 Dum

352 1732 419 1766 que
442 1745 453 1762 ‚
494 1717 673 1759 Galliam,
715 1714 909 1762 Angliam,
950 1713 987 1749 &
1029 1714 1116 1749 alias
1224 1712 1345 1759 aliquo
1372 1712 1476 1761 paSto
1504 1712 1596 1748 sensa
1626 1712 1681 1748 sua
1709 1724 1889 1762 exponant
1916 1715 1984 1750 ser-
2024 1744 2032 1746 ff

352 1778 471 1817 gentes
511 1778 594 1803 tunc
632 1766 748 1800 eadem
786 1764 917 1800 Latina
953 1764 1114 1812 Lingua,
1223 1775 1327 1797 mone
1353 1789 1363 1805 ‚
1404 1763 1466 1810 qui
1509 1763 1668 1798 videatur
1709 1765 1886 1807 Latinus,
1930 1766 1982 1800 nil

354 1818 574 1855 barbarismis
597 1830 635 1852 ac
657 1815 871 1851 soloecismis
897 1815 1018 1850 multis
1047 1815 1115 1849 im-
1223 1812 1312 1858 pensi
1352 1812 1396 1847 iis
1432 1812 1504 1856 est,
1540 1827 1583 1848 an
1620 1813 1814 1849 foediffime
1851 1815 1980 1863 ubique

352 1871 490 1913 mixta,
520 1883 588 1904 non
618 1867 712 1902 secus
740 1880 778 1902 ac
807 1866 934 1909 Italia,
974 1866 1114 1914 publica
1221 1863 1259 1899 in
1287 1863 1543 1898 Grammaticas
1569 1864 1705 1911 regulas
1733 1875 1904 1911 peccent,
1941 1864 1980 1902 &

353 1921 558 1969 consignasse
596 1918 688 1953 Aeta
714 1945 724 1961 ‚
766 1916 928 1965 quamvis
972 1917 1111 1965 populis
1222 1913 1333 1962 pejori
1374 1926 1624 1961 nonnunquam
1667 1913 1826 1951 distione
1878 1925 1980 1951 utan-

351 1972 397 2008 iis
425 1973 491 2007 alia
529 1972 630 2016 plane
658 1983 676 2004 a
704 1968 835 2004 Latina
873 1966 962 2002 foret
992 1980 1113 2002 verna·
1221 1973 1303 2007 tur,
1342 1977 1445 2010 quam
1490 1964 1551 2011 qui
1589 1964 1767 2012 postremis
1804 1965 1897 2001 hisce
1924 1969 1985 2002 Se-

353 2025 430 2057 cula
459 2021 623 2070 Lingua:
668 2019 719 2055 ita
745 2033 789 2055 ex
827 2031 898 2065 quo
933 2017 1113 2053 intuemur
1221 2014 1308 2050 culis
1336 2014 1477 2050 ludendi
1505 2015 1617 2063 gratia
1645 2016 1899 2052 Macharonico
1919 2016 1980 2052 sti-

351 2072 471 2108 omnia
500 2072 705 2107 Italicorum
747 2068 874 2118 scripta
910 2068 955 2104 iis
988 2071 1113 2104 saecu·
1142 2096 1144 2098 v
1219 2066 1256 2100 lo
1286 2067 1448 2100 poemata
1476 2065 1718 2114 composuere.
1761 2067 1871 2115 Finge
1911 2067 1981 2103 tibi

350 2124 395 2159 lis
422 2136 492 2159 non
530 2122 602 2157 alio
642 2134 745 2168 quam
776 2121 931 2158 Latino,
967 2132 1006 2154 ac
1043 2118 1112 2154 fere
1150 2110 1180 2143 E
1219 2116 1373 2163 aliquem
1401 2129 1444 2151 ex
1473 2117 1581 2165 vulgo
1617 2116 1758 2156 nostro,
1795 2116 1978 2153 literarum

351 2174 426 2220 pari
454 2173 584 2218 ubique
621 2171 777 2206 sermone
814 2169 990 2217 expressa,
1027 2183 1110 2204 con·
1221 2166 1354 2212 prorsus
1381 2177 1582 2214 expertem,
1610 2167 1671 2215 qui
1699 2177 1817 2203 tamen
1846 2167 1977 2204 Latina

351 2223 454 2258 tinuo
482 2223 706 2270 cogitandum
735 2220 836 2255 nobis
863 2220 930 2258 est,
957 2220 1061 2254 aliam
1092 2234 1111 2255 a
1189 2233 1194 2296 Ι
1220 2219 1323 2252 verba
1364 2216 1460 2265 saepe
1487 2231 1506 2253 a
1533 2217 1636 2254 sacris
1674 2218 1903 2262 Oratoribus,
1941 2231 1978 2252 a-

351 2274 482 2310 Latina
511 2272 609 2307 fuisse
637 2281 720 2306 tuuc
748 2283 865 2305 revera
888 2272 1109 2306 vernaculam
1190 2297 1193 2316 ÷
1219 2267 1345 2315 liisque
1372 2268 1523 2304 literatis
1553 2268 1639 2304 viris
1667 2268 1830 2308 audivit,
1867 2267 1977 2303 consi-

350 2324 496 2360 Italicae
538 2322 652 2370 gentis
693 2320 869 2369 Linguam
897 2347 905 2355 .
953 2323 1044 2356 Nam
1086 2320 1109 2355 fi
1189 2318 1307 2367 ¹llium
1347 2332 1465 2365 capere
1504 2319 1670 2367 loquendi
1709 2319 1859 2355 Latine.
1903 2319 1978 2352 Lo-

350 2373 500 2422 Vulgari
528 2373 669 2421 Lingua
697 2371 742 2407 ufi
782 2371 943 2414 fuissent,
982 2372 1107 2407 miram
1189 2372 1193 2386 “
1220 2379 1345 2417 quetur
1372 2369 1473 2418 sane;
1503 2369 1558 2405 sed
1586 2369 1807 2405 Soloecisrnis
1833 2380 1872 2402 ac
1892 2368 1977 2402 Bar-

351 2424 585 2461 diverfitatern
623 2423 783 2470 loquelae
826 2421 1029 2457 sentiremus
1071 2422 1108 2456 in
1220 2420 1378 2455 barismis
1398 2420 1593 2456 orationem
1618 2419 1802 2468 implebit,
1828 2418 1862 2452 &
1885 2418 1975 2452 Vul-

351 2476 494 2512 Chattis
522 2474 696 2510 variarum
735 2472 936 2508 Civitatum
968 2485 1005 2506 ac
1036 2475 1107 2508 Na·
1218 2484 1333 2519 gar-em
1376 2471 1552 2519 Linguam
1595 2469 1775 2504 ridendum
1818 2467 1855 2502 in
1897 2481 1975 2502 mo-

348 2527 487 2563 tionum
505 2553 515 2569 ‚
553 2539 596 2561 ex
624 2524 796 2559 varietate
823 2522 991 2558 videlicet
1020 2523 1106 2558 Dia·
1218 2522 1298 2556 dum
1328 2522 1365 2556 in
1392 2521 1558 2558 Latinam
1588 2517 1856 2566 contorquebit‚
1893 2519 1974 2553 nul-

349 2578 542 2614 leaorum.
570 2576 694 2623 ltaque
720 2573 935 2611 statuendum
956 2572 1022 2618 est,
1045 2586 1107 2622 po-
1216 2573 1250 2608 la
1280 2571 1447 2616 casuum,
1472 2581 1695 2605 numerorum
1712 2596 1725 2613 ‚
1763 2569 1975 2609 verborum,

1799 2618 1917 2655 nomi-
