2169 3047
225 244 278 291 7,
287 244 306 283 3
509 220 874 266 DJSSERTATJO
905 218 1445 263 TRJGESJMATERTm
1647 239 1670 277 7
1685 239 1734 278 14

214 287 405 323 retinemus

214 336 283 372 fine
318 335 483 383 operculo
519 332 560 367 ad
603 330 777 367 ferendam
816 345 919 367 uvam

216 395 275 423 aut
295 387 417 421 vinum
439 397 457 418 e
480 383 538 417 Bis
554 382 673 429 Congio
690 383 920 418 Latinorum.

166 438 343 483 Biscazza.
364 439 473 469 Ludus
494 433 636 480 publicus
655 434 813 467 alearum.
842 434 920 467 Hoc

213 498 341 522 nomen
378 484 416 520 in
450 484 603 532 Legibus
642 483 921 532 Municipalibus

212 536 388 572 variarum
414 534 570 570 Urbium
595 534 794 582 usurpatum
823 533 920 581 vidi3

211 589 245 623 ὃ(
274 587 386 622 adhuc
413 599 431 621 a
457 585 715 620 Mutinensibus
739 585 854 620 eadem
883 583 921 618 s1-

212 636 443 685 gnificatione
479 636 687 678 adhibetur,
725 635 776 671 uti
814 635 920 670 etiam

213 689 328 732 Bisca.
355 686 481 723 Tuscis
508 700 648 734 quoque
675 686 763 721 olim
794 685 831 720 in
862 685 922 720 usu

213 738 307 773 fuere
335 737 418 773 haec
448 738 615 772 nomina.
655 738 718 773 Nil
748 735 835 771 certi
863 735 921 769 ha-

213 790 277 824 beo
305 787 346 823 de
373 800 492 822 eorum
521 787 678 833 origine.
714 785 923 822 sansovinus

213 839 251 874 in
278 837 519 886 explicatione
555 851 668 874 rerum
700 836 922 872 abstrusarum

214 889 342 925 Dantis
387 888 507 924 ametor
548 888 617 928 est,
660 889 818 932 Biscazza
859 887 923 922 effe

213 940 424 975 vocabulum
466 913 619 974 malasti
656 937 923 986 Forojulienfis.

213 990 277 1026 Sed
306 989 463 1025 fallitur:
495 1002 573 1024 nam
602 991 636 1024 8<
670 989 750 1024 aliis
782 988 923 1034 Populis

213 1040 388 1077 familiare
416 1040 508 1075 fuit.
538 1042 569 1075 Is
598 1050 714 1075 autem
744 1048 844 1084 putat
871 1038 924 1073 di-

214 1091 311 1128 &um
332 1092 513 1135 Biscazza,
530 1091 621 1137 quafi
644 1095 817 1134 Sguazza,
840 1092 923 1121 But-

213 1143 350 1180 ta—via,
390 1143 568 1182 Consuma.
617 1141 734 1174 Nemo
777 1138 923 1186 probet.

213 1191 312 1227 Mihi
350 1189 468 1234 aliqua
505 1188 654 1237 suspicio
691 1188 757 1231 est,
785 1201 803 1223 e
836 1189 947 1231 Ger-¹

212 1240 353 1277 manico
382 1238 572 1286 Bescheiffen
600 1238 817 1288 significante
842 1239 923 1274 Fal·

213 1294 295 1332 lere,
337 1291 503 1337 Decipere,
547 1293 739 1334 Fraudare,
777 1290 925 1338 potuisse

214 1342 301 1377 olim
325 1340 501 1376 efformari
523 1342 738 1383 Bs'lcazzare:
759 1354 828 1387 quo
847 1354 924 1375 ver-

215 1393 260 1428 bo
288 1391 395 1427 etiam
425 1389 471 1425 ufi
500 1389 577 1425 sunt
615 1390 769 1437 Majores
798 1391 925 1433 nostri,

215 1444 249 1478 ὅ(
281 1443 462 1485 Bilcazza,
491 1453 599 1487 quum
627 1439 798 1488 ejusmodi
833 1440 925 1476 Ludi

217 1492 359 1529 officina
382 1492 421 1527 s1t
441 1493 604 1526 Fraudum
625 1504 663 1526 ac
685 1490 927 1536 Deceptionum,

217 1544 269 1580 ita
297 1552 335 1578 ut
363 1555 422 1591 per
449 1541 688 1588 metaphoram
718 1542 838 1578 Ludus
866 1541 927 1576 ille

218 1594 379 1644 publicus
401 1593 594 1641 appellatus
618 1592 706 1627 olim
728 1591 834 1627 fuerit
856 1594 927 1628 Lo-

218 1659 277 1681 cus
320 1644 519 1680 Fraudum.
566 1643 753 1687 Btscazaria
798 1642 928 1677 dicitur

217 1696 255 1733 in
284 1693 432 1731 staturis
461 1693 616 1741 antiquis
656 1693 782 1738 Populi
812 1694 928 1728 Bono-

217 1744 369 1793 nienfis3
399 1746 431 1779 δε
462 1747 571 1779 Ludus
599 1744 824 1788 Biscazariae,
850 1744 924 1790 qui-

217 1808 366 1843 cumque
389 1795 419 1830 is
446 1794 510 1834 fit,
532 1795 584 1830 ibi
607 1793 853 1835 interdicitur,
876 1794 928 1828 uti

218 1845 254 1883 Sc
284 1858 425 1880 mutuare
459 1846 502 1880 ad
537 1845 667 1884 ludum,
693 1844 744 1887 seu
781 1844 930 1886 occasione

218 1898 305 1934 Ludi
331 1897 556 1942 Biscazariae.
586 1894 748 1931 Fortaffis
777 1896 883 1931 etiam
912 1909 930 1931 e

221 1947 434 1985 Germanico
472 1946 619 1993 antiquo
662 1946 802 1989 BeJcbiss
841 1945 929 1992 apud

221 1999 431 2034 Schilterum
450 2021 460 2035 ‚
497 1995 711 2044 fignificante
749 1998 931 2036 Fraudem‚

222 2059 361 2085 enatum
389 2047 433 2084 est
455 2048 645 2095 Bischiqv,
671 2048 765 2094 jocus
789 2048 826 2083 in
853 2061 930 2083 ver-

222 2101 274 2136 bis
302 2113 320 2136 e
349 2098 576 2134 similitudine
605 2111 755 2134 vocum.

174 2151 302 2196 BiJcia.
323 2153 470 2192 serpens.
496 2149 591 2185 Aud1
613 2148 841 2197 Menagium
860 2149 955 2197 llic-3

224 2215 261 2236 ne
288 2202 331 2235 da
369 2199 499 2241 Bestia.-
519 2200 640 2240 sicuro.
676 2201 772 2236 Tum
811 2199 931 2241 addit,

224 2265 242 2287 e
270 2253 406 2287 Graeco
441 2255 517 2287 θῶες
551 2250 641 2297 posse
675 2250 798 2288 deduci
833 2250 930 2285 vocis

224 2302 326 2350 hujus
369 2304 545 2347 Etymon.
587 2301 775 2337 Eruditum
816 2300 927 2336 homi-

225 2366 306 2389 nem
344 2362 483 2388 cautum
523 2351 665 2387 dedecet
700 2351 789 2387 illud
812 2351 933 2393 [ἰαινο-

225 2403 397 2440 Οδὶενίυε
435 2402 635 2441 Ferrarius,
663 2402 696 2436 8<
739 2412 821 2438 ante
854 2414 933 2437 eum

224 2454 429 2493 Landinus,
455 2467 474 2489 a
499 2454 623 2492 sibilo,
649 2462 713 2488 aut:
738 2453 782 2488 ab
800 2452 933 2498 ,Angui-

226 2506 296 2540 cula
322 2504 410 2540 hanc
447 2517 570 2539 vocem
607 2512 744 2539 enatam
782 2502 931 2538 somnia·

227 2563 329 2595 runt.
356 2555 495 2601 Miror,
522 2553 683 2591 homines
717 2552 932 2591 doEIiffimos

446 281 624 329 Bigoncia‚
662 293 721 316 vas
763 280 917 329 ligneum
964 283 990 315 A

1009 2553 1017 2592 .—

1080 278 1149 315 suis
1176 276 1492 326 imaginationibus
1520 279 1729 319 deleffltos,
1759 280 1790 316 i-

1079 340 1115 367 ta
1143 330 1187 366 iis
1226 328 1406 366 institisse,
1437 338 1474 363 ut
1505 339 1602 363 extra
1641 333 1790 367 Lamo-

1079 395 1154 417 rum
1199 380 1377 428 pomoeria
1421 393 1600 414 excurrere
1619 408 1626 420 ,
1671 381 1790 428 ibique

1080 431 1250 472 expiscari
1273 443 1394 466 vocem
1419 430 1512 465 istam
1541 432 1789 478 neglexerunt.

1081 484 1153 517 Vix
1183 481 1260 517 falli
1287 495 1342 517 me
1369 491 1508 530 putem.
1537 481 1722 529 inquiens.
1748 495 1789 517 ex

1080 533 1293 568 Germanico
1323 533 1417 577 Biss,
1446 533 1573 571 Marso,
1602 532 1790 572 Morficatu-

1081 597 1141 627 ra,
1169 585 1203 618 δε
1240 582 1387 627 Beiffen,
1420 583 1510 630 quod
1550 583 1594 618 est
1631 585 1790 624 mordere,

1078 645 1235 680 pungere,
1263 635 1483 669 efformatum
1514 632 1612 668 fwffe
1640 635 1791 670 vocabu-

1081 685 1154 720 lum
1197 684 1323 729 Biscia.
1366 684 1507 719 Preffius
1551 684 1789 720 Teutonicam

1081 748 1205 770 vocem
1227 736 1380 771 retinent
1404 735 1642 775 Mutinenses,
1661 737 1692 770 8<
1711 738 1790 771 Me-

1081 785 1189 827 di01.‚
1215 786 1341 833 quibus
1369 785 1544 821 familiare
1571 785 1615 821 est
1644 787 1789 830 Bzfiare,

1080 835 1135 872 seu
1165 837 1299 882 Biffiare
1326 850 1388 885 pro
1424 840 1584 883 pungere,
1612 850 1719 884 quum
1747 836 1790 872 de

1081 887 1224 934 apibus,
1245 887 1506 935 scorpionibus,
1525 887 1635 932 vespis
1653 889 1790 936 agitur.

1081 938 1218 972 Dicunt
1245 937 1353 972 etiam
1382 936 1473 983 Biffa
1502 951 1562 985 pro
1591 939 1724 974 Bilcia.

1028 988 1182 1033 Btjogno.
1211 988 1395 1034 Indigentia
1408 1016 1416 1031 ,
1438 988 1572 1034 Egestas
1585 1015 1594 1031 ,
1618 987 1767 1032 Dese-„slus
1778 1016 1787 1024 .

1078 1038 1255 1073 Tenebras
1283 1051 1355 1073 non
1385 1040 1477 1073 leves
1506 1038 1654 1074 offendis
1682 1039 1719 1074 in
1747 1052 1787 1074 o-

1077 1088 1191 1136 rigine
1228 1089 1326 1123 vocis
1365 1090 1488 1136 hujus.
1528 1089 1695 1125 Nondum
1733 1102 1788 1125 eas

1076 1137 1239 1183 depulere
1266 1138 1362 1173 doe‘ci
1392 1139 1490 1185 viri3
1530 1152 1572 1172 an
1611 1152 1698 1186 ego,
1725 1139 1788 1173 do-

1076 1187 1213 1223 &orum
1255 1187 1439 1222 hominum
1480 1188 1648 1234 judicium
1692 1187 1784 1223 esto.

1076 1239 1112 1274 Si
1139 1239 1345 1287 Menagium
1377 1237 1559 1283 audimus,
1597 1238 1658 1286 qui
1697 1239 1790 1274 mul-

1075 1299 1132 1325 tus
1159 1289 1225 1333 est,
1264 1298 1302 1325 ut
1330 1288 1396 1325 hoc
1424 1289 1525 1324 nobis
1564 1288 1786 1336 persuadeat,

1076 1341 1171 1384 erse
1197 1343 1240 1374 da
1269 1341 1329 1374 Bis
1355 1340 1484 1376 Senium
1519 1339 1655 1376 emet-fit
1692 1339 1789 1383 Biso-

1072 1404 1164 1436 gno.
1191 1390 1254 1425 Sed
1284 1390 1417 1425 nemini
1448 1390 1684 1438 persuadebit.
1722 1391 1786 1424 Bis

1075 1443 1177 1475 Senex
1235 1440 1351 1488 potius
1408 1438 1615 1488 significaret
1670 1439 1788 1476 homi-

1076 1503 1184 1535 nem,
1211 1490 1273 1538 qui
1310 1466 1453 1525 aetati?
1473 1489 1587 1525 caussa
1623 1503 1783 1539 repuera-

1076 1541 1207 1577 sceret.
1237 1543 1361 1587 Neque
1388 1540 1565 1574 scammis
1592 1554 1720 1577 nomen
1749 1555 1788 1576 u-

1077 1591 1254 1639 surpatum
1299 1603 1449 1638 unquam
1490 1589 1560 1625 fuit
1597 1605 1659 1639 pro
1695 1592 1787 1626 Indi-

1074 1642 1211 1689 genfia,
1240 1641 1406 1686 Eg.eflate
1434 1639 1558 1675 Minus
1587 1651 1702 1676 autem
1726 1655 1788 1677 au-

1078 1693 1224 1728 diendus
1252 1691 1453 1730 Ferrarius,
1490 1690 1552 1739 qui
1580 1692 1622 1726 ab
1651 1691 1721 1732 Ufio
1748 1706 1786 1725 u-

1073 1743 1192 1785 sionis,
1221 1742 1402 1789 antiquata
1429 1755 1515 1777 voce
1542 1742 1715 1787 Catonis,
1747 1741 1786 1779 δί

1078 1793 1124 1843 fig
1128 1792 1294 1829 nificante
1324 1793 1438 1836 Usum,
1465 1792 1606 1838 Bisogno
1629 1806 1689 1840 per
1711 1793 1787 1828 vim

1078 1808 1288 1880 derivavit.
1337 1845 1459 1890 Itaque
1504 1841 1789 1878 confiderandum

1078 1896 1195 1944 potius
1237 1902 1354 1943 puto,
1391 1906 1473 1929 num
1514 1906 1532 1928 e
1567 1894 1682 1928 Sonnis
1721 1892 1789 1929 five

1077 1946 1219 1989 Samis,
1247 1958 1333 1980 voce
1362 1943 1528 1979 francica
1556 1953 1616 1979 aut
1642 1946 1790 1980 Germa-

1079 1996 1158 2032 nica
1198 1995 1326 2043 (quod
1363 1995 1457 2030 idem
1495 1994 1573 2042 est)
1616 1994 1787 2031 effluxisse

1080 2045 1235 2096 potuerit
1264 2045 1428 2081 Italicum
1457 2046 1614 2091 Bisogno.
1646 2048 1697 2081 De
1725 2045 1789 2081 hac

1080 2111 1166 2133 voce
1204 2098 1316 2132 multa
1353 2096 1482 2132 habent
1519 2095 1688 2136 Voffius,
1724 2096 1788 2132 Bi-

1079 2148 1251 2194 gnonius‚
1290 2149 1361 2182 Du·
1366 2147 1545 2194 Camgius,
1582 2157 1687 2195 atque
1724 2145 1787 2182 alii

1080 2197 1251 2235 Eruditi.
1288 2199 1329 2233 In
1367 2197 1475 2233 Paeto
1512 2198 1621 2246 Legis
1657 2197 1790 2234 Salicae

1080 2250 1159 2285 Tit.
1190 2261 1247 2297 19.
1276 2262 1371 2284 num.
1409 2250 1443 2284 6.
1480 2248 1565 2284 haec
1602 2249 1786 2306 leguntur:

1081 2301 1120 2336 si
1146 2300 1179 2334 in
1207 2301 1350 2335 Mallum
1376 2310 1505 2334 vocatus
1526 2299 1649 2343 suerit,
1673 2299 1720 2337 (ῤ’
1741 2298 1792 2342 is,

1082 2351 1138 2399 qm*
1162 2361 1291 2386 vocatus
1325 2351 1389 2394 est,
1425 2363 1486 2384 mm
1521 2349 1634 2392 venit,
1664 2348 1697 2390 fi
1723 2361 1792 2383 eum

1083 2412 1139 2438 aut
1166 2401 1338 2446 infirmitas
1352 2426 1364 2441 ,
1394 2411 1452 2436 aut
1476 2400 1651 2444 Ambasct'a
1679 2399 1794 2434 Domi-

1085 2453 1156 2487 m‘cae
1191 2451 1304 2502 (idest
1341 2451 1450 2499 Regia
1486 2450 1672 2499 Legatio)
1709 2449 1795 2485 deti-

1086 2503 1214 2546 nuerit,
1251 2503 1305 2536 vel
1335 2502 1420 2545 sorte
1444 2503 1581 2548 aliquem
1615 2503 1656 2536 de
1688 2499 1795 2544 proxi-

1088 2554 1148 2589 mis
1174 2563 1326 2589 mortuum
1350 2552 1436 2587 intra
1463 2555 1587 2589 domum
1615 2552 1709 2596 suam
1736 2551 1796 2585 ha-

1619 2600 1745 2638 buerit:
