2169 3047
434 216 516 257 579
781 204 1154 263 ANTIQUIT.
1194 203 1405 247 MEDJJ
1441 206 1603 250 AEV!
1864 213 1946 266 §80

371 263 589 308 antiquitate
626 261 817 310 profee‘tam
856 266 896 299 ad
935 279 995 300 nos
1035 266 1132 301 illam
1176 264 1205 298 A

371 311 499 348 fuisse?
541 313 652 350 Certe
691 317 783 361 quod
828 314 1017 365 Menagius
1055 317 1129 352 ait:

370 365 468 406 erle
507 366 600 399 viene
635 379 656 400 a
690 369 802 400 Terere
842 370 986 410 Lat-no,
1028 367 1131 403 risum

372 417 623 452 tantummodo
665 427 808 453 moveat
833 445 841 453 .
886 419 932 453 Et
975 420 1133 454 movebit

371 464 472 507 sane,
511 467 530 501 fi
570 467 693 502 scalam
734 469 775 502 ab
813 482 855 503 eo
893 470 1130 517 excogitatam

369 520 679 558 commemorabo,
717 519 905 553 videlicet:
945 523 1043 561 Tere,
1072 525 1129 557 Te-

368 569 470 608 rimo,
499 570 679 607 Terimum,
708 570 923 612 Terimulum-,
946 572 1132 610 Rimulum,

369 620 569 661 Romulum,
598 620 761 660 Rumam
801 620 962 661 Ramola,
1001 623 1131 656 Grama-

368 671 424 705 la.
452 670 515 704 Sed
546 669 674 704 vetusta
703 671 824 705 Secula
852 671 906 706 uti
943 671 1129 707 inventum

370 721 488 762 illud,
525 720 575 755 ita
613 718 649 755 &
688 720 760 766 ejus
802 732 921 757 vocem
962 722 1132 770 ignorasse

369 771 562 806 videntur.
603 770 738 807 Plinius
775 772 869 807 enim
909 772 989 808 Lib.
1036 776 1131 810 xlx,

369 822 440 858 alia
461 822 597 857 ratione
619 823 751 859 Linum
773 823 957 858 contusum
987 823 1132 870 scribit,

368 873 554 920 inquiens:
587 875 704 919 Virgae
729 874 884 917 arefaHae
905 875 938 908 in
966 874 1037 916 saxo
1057 887 1130 910 tun-

369 928 490 960 duntur
509 924 652 967 stupario
679 926 813 959 malleo.
847 925 1010 961 Fortaffis
1039 926 1132 962 inter

368 986 527 1011 veterum
561 975 758 1011 Borealium
791 985 944 1011 veterum
973 977 1131 1026 Lingua-

369 1039 446 1062 rum
476 1030 597 1061 rudera
624 1027 779 1075 aliquam
810 1028 907 1063 vocis
935 1027 1036 1075 hujus
1058 1028 1131 1064 ori·

369 1077 486 1125 ginem
532 1076 670 1112 Eruditi
714 1077 933 1113 inveniant.
981 1080 1130 1115 Carolus

367 1127 425 1163 M.
458 1127 628 1175 Augustus
665 1127 702 1162 in
739 1127 941 1174 Capitulari
979 1128 1020 1163 de
1050 1128 1126 1165 Vil—

367 1178 436 1220 lis,
465 1179 571 1212 Torn.
610 1178 635 1212 Ι.
675 1190 749 1225 pag.
780 1189 862 1224 337.
900 1178 984 1213 edit.
1025 1180 1129 1214 Baiu-

367 1229 491 1268 zianae
532 1241 737 1263 enumerans
779 1228 934 1266 Ucensilia
985 1229 1127 1279 (quam

366 1291 490 1314 vocem
522 1292 583 1322 pro
610 1279 710 1315 rebus
732 1283 772 1314 ad
799 1278 916 1318 esum,
945 1278 982 1315 &
1007 1291 1126 1325 potum

367 1330 626 1378 pertinentibus
673 1332 764 1364 male
812 1330 968 1368 explicat
1009 1332 1127 1367 Gloffa

365 1381 404 1416 in
434 1382 456 1415 l.
484 1394 554 1424 eos,
586 1381 640 1426 qui
669 1379 822 1417 Utenfilia
859 1379 894 1413 ff.
932 1379 974 1414 de
1013 1382 1124 1416 Decu-

365 1431 554 1473 rionibus,
604 1429 641 1465 &
681 1429 837 1466 Budaeus
876 1429 911 1463 in
949 1430 972 1464 1.
1012 1441 1043 1465 2.
1085 1430 1127 1466 de

365 1482 570 1525 Nundinis‚
598 1493 704 1527 quum
728 1479 899 1528 significet
919 1479 1119 1516 instrumen—

362 1542 400 1568 ta
419 1560 428 1575 ,
457 1533 583 1579 quibus
610 1530 751 1570 rustici,
789 1530 963 1572 artifices,
1001 1532 1125 1567 ceteri-

364 1596 433 1628 que
461 1582 645 1619 hominum
674 1580 715 1616 ad
745 1580 801 1616 sua
827 1594 933 1628 opera
954 1583 1126 1632 utuntur)

364 1632 546 1674 masilia,
584 1632 755 1680 inquam,
792 1632 965 1668 rusticalia
1008 1634 1149 1669 Villa-=

359 1697 437 1720 rum
477 1683 612 1719 suarum
650 1695 882 1727 enumerans,
926 1684 1020 1719 inter
1055 1684 1125 1721 alia

361 1744 617 1770 commemorat
643 1736 819 1776 Andedos,
856 1745 979 1769 catenas
996 1762 1006 1779 ,
1043 1738 1123 1770 Cra-

360 1793 494 1823 macutos
511 1812 521 1828 .,
555 1785 693 1828 secures,
729 1788 865 1821 terebras
882 1813 892 1829 ‚
930 1784 1003 1823 &aa
1038 1789 1120 1821 Gra·

360 1838 483 1872 macula
519 1848 660 1882 quoque
695 1835 826 1883 legitur
863 1835 900 1871 in
938 1837 1122 1875 Breviario

359 1899 474 1923 rerum
507 1886 694 1923 Fiscalium
719 1913 730 1930 ,
766 1885 863 1922 edito
901 1900 961 1935 per
997 1889 1120 1923 Eccar-

358 1938 465 1975 dum.
505 1936 653 1972 Accedit
688 1939 878 1972 cramacula
914 1937 954 1972 ad
993 1950 1120 1975 nomen

358 1991 554 2024 Gramulae.
592 1989 723 2022 Verum
764 1986 999 2036 Du-Cangius
1036 1988 1119 2024 defi-

357 2042 458 2088 gnari
496 2040 561 2073 hoc
600 2041 742 2074 nomine
782 2048 882 2087 putat
917 2040 1121 2077 Cremaneres

352 2091 486 2135 focarios
527 2089 785 2137 (Mutinenses
830 2091 865 2127 la
904 2093 1027 2125 Catena
1067 2089 1145 2126 del'

352 2141 469 2187 fuoco)
497 2140 552 2174 cui
584 2142 674 2175 idem
707 2141 878 2176 Eccardus
908 2140 1117 2178 subscribit.

355 2192 398 2228 In
442 2190 569 2225 Gloffis
618 2190 852 2228 vetustiffimis
900 2192 1116 2228 Florentinis

354 2241 398 2279 ab
426 2241 581 2276 Eccardo
609 2240 684 2283 ipso
722 2241 804 2288 juris
843 2242 975 2288 publici
1015 2241 1115 2278 faffis

355 2301 545 2328 occurrunt
572 2292 783 2334 Gramma,
820 2293 851 2326 8<
892 2294 1115 2329 Theutonice

353 2343 547 2380 redduntur
571 2343 718 2377 Hahala.
750 2343 800 2377 lta
823 2343 859 2378 in
882 2343 1007 2377 Gloffis
1033 2346 1112 2379 Ful-

353 2393 512 2430 denfibus
540 2393 729 2429 CramaJlIas
762 2394 889 2430 Habla.
931 2394 1034 2429 Rt&e
1072 2396 1113 2430 de

353 2445 393 2481 vi
436 2444 533 2481 vocis
575 2446 765 2479 Gramamla
807 2444 1008 2492 judicabit,
1051 2446 1112 2492 qui

352 2495 620 2538 -Theutonicum
648 2496 780 2534 Habata
805 2495 898 2534 mihi
933 2496 1112 2548 explicet.

1293 264 1506 303 Curiofitate
1533 280 1673 315 quoque
1701 267 1917 305 eruditorum
1949 269 2003 304 di-

1242 329 1308 364 gna
1335 316 1380 352 est
1406 319 1507 367 origo
1537 332 1663 354 vocum
1692 321 1834 362 cavato,
1862 320 1897 356 ἃ
1930 324 2006 355 Ver-

1241 380 1301 412 za.
1333 368 1485 404 Primam
1515 368 1679 418 usurpant
1710 371 1888 410 Romani,
1925 373 2003 407 Tu-

1243 418 1311 461 lei,
1341 420 1571 468 Neapolitani
1600 423 1640 456 ad
1666 420 1908 469 designandam
1933 424 2003 458 La-

1242 469 1396 504 tinorum
1430 472 1598 516 Brafficam
1616 498 1625 513 ‚
1661 482 1767 519 atque
1795 472 1907 520 ipsum
1937 486 2002 509 no-

1243 532 1319 554 men
1349 533 1391 556 ex
1422 522 1529 558 Latio
1560 522 1676 556 venit.
1716 524 1807 558 Nam
1837 526 2001 570 quamvis

1241 571 1354 604 caulis
1383 571 1592 619 generaliter
1628 585 1929 622 quorumcumque
1961 589 2003 610 o-

1241 621 1351 657 lerum
1368 647 1377 662 ‚
1414 622 1447 655 δ(
1486 621 1668 656 herbarum
1699 623 1853 668 Thyrsum
1880 625 2002 667 (unde

1241 670 1405 706 Italicum
1435 671 1552 719 Tarso)
1582 671 1637 708 seu
1659 675 1821 719 scapum:
1849 675 2003 721 peculia-

1209 715 1211 731 ³
1240 721 1267 756 ri
1299 732 1415 756 tamen
1453 721 1708 770 significatione
1744 725 1915 769 Brafficam
1942 726 2001 761 de-

1240 770 1409 820 fignavit.
1439 774 1609 821 Exempla
1636 773 1788 822 prostant
1807 776 1896 823 apud
1929 776 2003 812 Pli-

1239 836 1366 868 nium,
1408 825 1600 860 Horatium
1627 850 1637 868 ‚
1680 826 1715 859 δι
1756 825 1964 862 Martialem
1991 854 2000 863 .

1239 874 1336 909 Hinc
1364 887 1447 922 ergo
1474 875 1596 909 Cavolo
1625 875 1788 911 Italicum
1808 904 1818 918 ‚
1846 877 1881 912 &
1910 880 2000 914 Ger-

1240 925 1417 960 manicum
1446 926 1559 965 lomi,
1595 923 1631 960 ἃ
1671 927 1851 962 Gallicum
1889 929 2000 964 Chou.

1239 975 1301 1010 Sed
1331 974 1421 1011 unde
1448 977 1587 1017 Caveto,
1617 975 1672 1011 seu
1699 977 1796 1011 Caulo
1818 979 2001 1024 Capuccio?

1239 1025 1458 1062 Mutinenses
1486 1025 1654 1075 ejusmodi
1686 1026 1912 1065 Bfafficarum
1941 1043 2001 1078 ge-

1237 1088 1301 1111 nus
1338 1077 1586 1113 tantummodo
1622 1079 1802 1126 appellant
1835 1081 1999 1127 Capucci.

1239 1127 1412 1162 Purarunt
1439 1128 1601 1167 nonulli.
1628 1129 1705 1163 olus
1729 1128 1813 1166 istud
1844 1130 1909 1165 hoc
1935 1144 2001 1166 no-

1237 1189 1315 1212 men
1357 1176 1524 1225 accepiss'e
1560 1191 1603 1213 ex
1641 1179 1783 1224 Braffica
1817 1182 1996 1225 capitata.

1235 1228 1328 1275 quod
1371 1227 1442 1276 ipsa
1483 1228 1610 1276 capitis
1661 1229 1804 1266 humani
1846 1230 1997 1278 speciem

1236 1277 1429 1326 praeferat.
1459 1281 1589 1314 Verum
1629 1279 1776 1315 Braffica
1808 1280 1868 1318 ista
1896 1283 1999 1328 Capi-

1232 1339 1305 1363 tata
1340 1342 1359 1363 a
1398 1329 1595 1364 Matthiolo
1631 1330 1804 1368 duntaxat
1846 1332 1995 1381 aliisque

1234 1377 1488 1414 recentioribus
1516 1378 1583 1414 hoc
1604 1393 1730 1415 nomen
1751 1383 1911 1429 accepit,
1935 1383 1999 1431 qui.

1235 1428 1364 1465 Latine
1392 1428 1588 1473 exprimere
1617 1431 1804 1466 voluerunt
1824 1435 1996 1478 capuccio.

1234 1477 1346 1516 Hasce
1389 1478 1554 1514 Brafficas
1605 1480 1774 1528 capitatas
1817 1484 1997 1519 Mediola-

1234 1529 1353 1565 nenses
1381 1532 1561 1578 appellant
1587 1532 1760 1572 Gambusi,
1797 1533 1895 1569 Galli
1932 1537 2000 1569 Cae-

1232 1581 1291 1617 bus
1309 1607 1319 1616 .
1345 1582 1528 1626 Quaenam
1557 1595 1640 1630 ergo
1667 1596 1708 1618 ex
1738 1583 1810 1619 istis
1839 1584 1997 1632 primiti·
2043 1624 2047 1625 ⁷

1201 1658 1203 1663 ⁴
1233 1643 1275 1666 va
1314 1645 1384 1667 vox
1422 1631 1489 1673 sit,
1525 1633 1557 1667 3<
1598 1646 1680 1668 num
1719 1647 1782 1670 nos
1808 1648 1828 1671 a
1855 1635 1995 1681 Gallis,

1231 1695 1275 1718 an
1302 1683 1400 1718 Galli
1428 1696 1447 1718 a
1475 1684 1576 1719 nobis
1606 1697 1727 1719 vocem
1765 1686 1987 1733 acceperint,

1232 1732 1405 1768 incertum
1441 1733 1516 1769 est.
1553 1735 1589 1770 Si
1627 1734 1693 1770 hoc
1727 1737 1807 1771 olus
1848 1737 1994 1772 Italicae

1229 1783 1381 1831 originis
1407 1784 1479 1827 est,
1509 1785 1579 1821 veri
1619 1785 1782 1821 videatur
1818 1785 1993 1831 similius,

1232 1835 1346 1883 primo
1387 1834 1608 1871 efformatum
1647 1836 1804 1880 Gambuso
1819 1850 1841 1879 ,·
1885 1850 1991 1884 quam

1230 1897 1353 1920 vocem
1381 1886 1481 1921 Galli
1519 1885 1554 1921 in
1584 1885 1691 1920 Cal⁷us
1719 1889 1962 1924 converterint
1979 1915 1990 1933 ‚

1229 1949 1269 1972 ac
1297 1934 1404 1972 Tusci
1443 1936 1488 1977 in,
1517 1938 1688 1982 Capuccio.
1729 1937 1835 1974 Unde
1873 1948 1992 1975 autem

1229 1987 1411 2030 Gambuso?
1441 1988 1534 2023 Num
1563 2000 1582 2022 e
1609 1990 1762 2029 crambe,
1789 1989 1883 2036 quod
1911 1991 1990 2025 vul-

1228 2050 1290 2085 gus
1318 2037 1517 2074 immutarit
1545 2038 1582 2073 in
1610 2041 1785 2083 Crambm,
1823 2038 1861 2075 &
1890 2040 1991 2075 deni-

1198 2093 1295 2136 ⁴que
1331 2087 1488 2124 detraao
1519 2091 1558 2124 R.
1594 2088 1630 2124 in
1669 2092 1828 2128 Cambus.
1869 2090 1989 2126 Plinio

1230 2140 1351 2187 utique
1380 2139 1459 2174 teste
1487 2139 1569 2176 Lib.
1600 2142 1673 2174 XX.
1704 2143 1790 2190 Cap.
1821 2154 1855 2186 9.
1874 2144 1989 2176 Cram-

1228 2193 1262 2225 be
1289 2191 1462 2238 appellata
1499 2189 1569 2226 fuit
1604 2192 1745 2236 Bmffica
1772 2205 1789 2227 a
1818 2192 1985 2229 Latinis.

1230 2241 1592 2277 Animadvertendum
1623 2255 1786 2290 quoque,
1814 2243 1984 2281 Latinum

1227 2293 1357 2326 caulem
1376 2319 1387 2336 ‚
1424 2291 1489 2327 hoc
1525 2291 1570 2327 est
1606 2293 1784 2337 Thyrlum,
1813 2307 1831 2328 a
1858 2291 1985 2329 Tuscis

1227 2342 1322 2378 reddi
1361 2355 1421 2391 pei·
1449 2356 1570 2378 vocem
1608 2346 1750 2386 Combe,
1788 2342 1824 2379 &
1853 2356 1870 2376 a
1899 2344 1985 2378 Mu-

1227 2392 1417 2430 tinensibus
1445 2407 1504 2442 per
1531 2407 1651 2429 vocem
1681 2396 1801 2427 Gamba
1820 2391 1856 2429 ἃ
1883 2396 1984 2427 Gam-

1226 2446 1322 2487 baeme,
1359 2444 1451 2490 quafi
1488 2444 1528 2480 fit
1564 2446 1653 2480 Crus
1688 2444 1819 2479 olerum
1850 2443 1887 2479 ἃ
1916 2443 1984 2479 flo-

1226 2507 1324 2533 rum.
1352 2497 1470 2540 Quare
1497 2494 1564 2531 five
1590 2495 1774 2536 Crambem,
1801 2493 1869 2529 five
1894 2497 1982 2528 Cau-

1224 2546 1286 2582 lem
1326 2545 1485 2596 speffles,
1521 2543 1604 2582 inde
1642 2544 1799 2592 Gambuso
1834 2545 1984 2582 manasse

1870 2609 1935 2645 ΡΟ·
