2169 3047
369 196 451 250 827
715 191 1083 250 ANTIQUJT.
1123 188 1336 234 MEDII
1371 190 1529 236 ΑΕΗ
1792 197 1874 239 828

308 253 418 301 Goffo.
458 254 658 297 Inexpertus,
697 254 847 299 [neptus.
884 250 1064 287 Salmasius
1095 252 1138 286 *A

358 303 397 339 in
436 303 543 339 Notis
575 303 616 339 ad
646 302 838 339 Historiam
875 302 1063 347 Augustam

359 353 564 397 contendit,
601 368 621 388 a
657 355 740 398 Cufa
774 353 856 395 vesle
886 351 984 398 spiffa
1021 353 1066 391 ξφ

359 405 475 447 villosa
503 404 691 453 proceffiffe
724 404 841 449 Gusum
868 403 906 439 &
934 403 1065 446 Gofum.

360 455 602 504 Adstipulatur
646 456 852 503 Menagius,
894 454 1064 490 scribens:

363 507 459 541 Viene
492 507 536 540 da
561 506 681 548 Cusus,
711 504 913 550 significante
949 502 1067 549 Groffo-

361 557 454 591 lano.
479 558 533 590 Ex
563 555 798 603 possibilium,
824 568 894 589 non
923 567 965 589 ex
995 553 1066 589 veri

363 606 529 641 similium
559 616 660 641 coetu
696 605 851 640 desumta
887 604 969 640 haec
997 603 1068 639 ori-

363 670 427 705 go.
465 658 548 692 Non
587 656 767 691 immerito
804 654 986 702 quisquam
1016 653 1067 689 su-

364 706 490 751 spicari
528 706 651 755 poffit,
689 705 850 754 prodiisse
886 719 1009 741 vocem
1040 705 1069 739 i—

363 756 446 792 stam
483 770 524 792 ex
564 757 689 792 Italico
726 757 827 801 Gufo,
856 755 1071 804 significante

364 810 525 842 Bubonem
563 807 793 845 Latinorum.
836 809 974 842 Nomen
1005 806 1071 840 hoc

363 857 472 893 Tusci
518 859 555 894 in
595 859 684 905 Goffo
733 857 836 893 facile
875 856 1072 892 immutasse

364 909 570 956 potuerint:
611 922 689 944 narn
728 909 908 944 Bubonem
945 910 1071 943 Barba-

361 959 479 1005 gt‘anni
515 974 576 995 nos
608 959 801 996 Lombardi
838 959 1072 1007 appellamus,

364 1009 474 1044 Tusci
498 1011 598 1054 Gufo.
627 1012 674 1045 Et
699 1023 817 1045 revera
840 1012 984 1053 Ineptum
1010 1009 1071 1043 ho-

365 1060 498 1096 minem
535 1061 685 1096 dicimus
721 1060 851 1095 etiam:
882 1060 963 1105 Egli
989 1060 1005 1091 ὲ
1031 1071 1072 1091 un

364 1112 608 1156 Barbagianni.
647 1112 751 1145 Plura
789 1109 931 1144 nomina
969 1122 987 1143 e
1015 1109 1071 1143 be—

364 1160 436 1194 stiis
475 1159 511 1196 ὃ(
541 1160 662 1195 avibus
699 1158 851 1194 mutuati
888 1158 1002 1193 sumus
1035 1157 1101 1193 in¹

365 1210 517 1245 aliorum
556 1218 796 1253 contemtum,
825 1218 863 1245 ut
901 1210 968 1256 jam
998 1221 1072 1243 mo-

365 1260 427 1294 nui
461 1261 501 1295 ad
541 1274 661 1296 vocem
701 1260 863 1294 Briccone.
901 1261 1072 1294 Attamen

364 1309 563 1356 legitimam
591 1308 764 1356 originem
794 1309 957 1342 vocabuli
983 1308 1073 1353 Goffia

364 1359 528 1395 indicasse
549 1358 638 1394 mihi
659 1357 811 1393 creditur
828 1356 1072 1395 Monolinius,

363 1417 426 1466 qui
454 1430 472 1452 e
501 1410 631 1462 Kvpds·
659 1420 894 1459 Graecorum,
922 1415 1071 1452 nostrum

364 1468 455 1515 G⁰ffi²
480 1468 675 1504 derivavit.
702 1470 793 1503 Nam
821 1481 837 1503 a
866 1466 1008 1502 Graecis
1034 1479 1071 1502 ea

363 1532 434 1555 vox
464 1518 637 1554 interdum
668 1517 829 1566 usurpata
865 1518 934 1553 fuit
962 1517 1002 1552 ad
1032 1515 1053 1551 si

364 1568 598 1617 gnificandum
621 1572 760 1604 Fatuum
780 1568 982 1606 hominem,
999 1570 1065 1601 Sto-

361 1621 483 1657 lidum,
522 1621 687 1654 Hebetem.
726 1619 834 1654 Vides
872 1617 1069 1666 ipsissimam

361 1669 676 1718 significationem
703 1671 736 1707 &
767 1669 873 1704 ferme
910 1668 1069 1704 eumdem

361 1721 563 1756 Literarum
603 1722 743 1756 sonum.
775 1721 887 1756 Nullo
926 1718 1068 1767 negotio

361 1771 436 1815 Cofo
464 1771 500 1806 in
524 1772 615 1819 Goffo
642 1770 857 1831 pertransiit.
882 1769 1069 1820 Meiagius

362 1821 423 1867 qui
451 1832 647 1870 opportune
683 1823 716 1857 8<
745 1821 946 1869 importune
981 1800 1068 1867 apud

362 1873 512 1907 Graecos
542 1872 684 1908 Italicae
713 1871 872 1921 Linguae
901 1871 1069 1906 vocabula

361 1920 580 1968 expiscatur,
606 1935 817 1971 quamquam
847 1922 912 1957 hoc
937 1921 1069 1960 noster,

361 1971 463 2019 parvi
500 1972 607 2018 fecit,
646 1982 684 2009 ut
720 1988 738 2009 e
777 1973 926 2009 nubibus
964 1971 1067 2006 aliam

361 2021 537 2070 originem
566 2023 606 2057 ad
635 2037 696 2058 nos
726 2024 930 2059 adveheiffet
960 2021 1068 2057 Deni-

360 2084 430 2119 que
458 2071 568 2110 addo,
592 2072 699 2107 etiam
729 2074 816 2119 apud
844 2073 974 2108 Arabes
1003 2071 1067 2107 ali-

360 2121 446 2167 quid
484 2121 594 2157 fimile
631 2122 799 2170 reperiri3
838 2136 916 2157 nam
955 2123 987 2155 &
1025 2122 1068 2157 iis

361 2170 474 2215 Goflen
510 2172 554 2205 est
581 2172 772 2215 experiemini
800 2173 841 2204 (9⁶
876 2173 931 2215 usu
967 2185 1068 2206 carens

363 2220 473 2254 homo:
499 2221 532 2255 8<
561 2222 690 2263 Gosolon
723 2222 954 2268 Incogitamia,
985 2223 1067 2257 Hal—

362 2270 535 2315 lucinatio,
562 2271 726 2306 Socordt'a.

313 2324 471 2366 Gomona,
500 2320 555 2357 seu
583 2324 739 2357 Gomena.
769 2323 873 2356 Funis
905 2324 1066 2367 nauticus,

361 2375 515 2407 Rudens.
545 2371 752 2419 Menagium
782 2373 883 2407 audi:
908 2374 1000 2417 Forse
1026 2380 1067 2407 da

361 2422 516 2465 Gemina,
545 2434 600 2469 pro
635 2424 769 2456 Gemina
806 2425 927 2464 Corda,
963 2425 1068 2466 perche»

361 2471 428 2519 με’
445 2475 571 2519 Canapi
589 2473 664 2517 sono
689 2474 748 2516 piis
769 2474 861 2520 groffi
884 2475 920 2507 de
941 2475 992 2519 gli
1019 2475 1064 2507 al—

361 2522 425 2559 tri.
454 2525 600 2559 Gerrae.
631 2526 763 2558 Vocem
792 2523 879 2559 hanc
910 2524 1065 2560 Arabum

1228 251 1387 300 Linguae
1410 265 1472 297 nos
1497 253 1619 289 debere
1644 251 1849 289 censuerunt
1874 267 1934 289 an-

1228 311 1283 338 tea
1322 302 1400 338 Viri
1439 303 1560 340 doffl.
1601 304 1758 340 Arabum
1800 306 1935 351 Populo

1228 353 1395 389 nimirum
1433 355 1477 390 est
1503 355 1755 393 Al-Gommalo,
1787 357 1934 390 Camelus

1228 405 1356 448 Navis,
1384 404 1467 440 idest
1501 405 1616 447 funis,
1644 419 1662 441 a
1699 419 1769 453 quo
1806 405 1935 441 ancho-

1229 467 1284 490 rae
1311 455 1480 501 pendent,
1505 455 1560 490 seu
1586 456 1690 490 funi<
1713 457 1852 502 craffior,
1879 458 1934 491 vel

1230 507 1324 540 Rude
1327 518 1381 539 ns.
1412 505 1493 539 Inde
1531 518 1593 540 nos
1621 509 1779 549 Gomena,
1808 506 1936 551 Hispa-

1230 555 1267 590 ni
1294 558 1434 588 szena
1458 554 1621 602 accepisse
1646 554 1826 590 videmur.
1849 557 1893 591 Gi
1885 570 1937 605 .g-

1232 618 1313 652 geus
1358 617 1430 639 rem
1476 604 1752 649 animadvertit,
1794 618 1937 653 eamque

1233 654 1424 690 Bochai-tus
1452 654 1696 691 confirmavit.

1116 710 1142 743 E
1182 705 1344 741 Gonaola.
1377 706 1572 741 Naviculae
1607 719 1713 755 genus
1741 706 1829 755 apud
1868 709 1938 742 Ve-

1233 774 1352 800 netos.
1375 767 1408 800 A
1430 767 1558 800 Gondus
1585 765 1745 802 derivato
1770 780 1787 802 e
1815 760 1939 801 Ko'vBu

1233 817 1388 859 Graeco,
1417 815 1630 864 fignificante
1667 817 1832 859 exieuum
1863 820 1941 861 scy-

1230 866 1347 913 phum,
1376 866 1448 915 ejus
1475 866 1648 914 originem
1677 867 1836 902 trahebat
1861 869 1941 901 Me-

1234 916 1377 964 nagius.
1407 918 1442 952 A
1479 920 1596 952 Cantus
1633 930 1751 966 parum
1790 917 1941 953 feliciter

1235 966 1428 1002 Ferrarius.
1466 967 1628 1003 Fortassis
1657 967 1767 1003 adhuc
1804 967 1941 1003 incom-

1235 1026 1330 1063 perta
1359 1017 1402 1052 cst
1430 1017 1599 1053 nativitas
1628 1018 1781 1054 nominis
1818 1017 1941 1067 hujus.

1235 1068 1273 1101 Id
1311 1068 1557 1103 tantummodo
1594 1068 1850 1104 animadvertas
1883 1082 1943 1104 ve-

1234 1116 1324 1160 lim,
1363 1130 1380 1151 a
1417 1118 1601 1153 Germanis
1640 1132 1779 1165 quoque
1816 1120 1943 1153 Gundel

1234 1166 1399 1214 appellari
1439 1168 1653 1211 Naviculam‚
1681 1166 1852 1203 Cramero
1890 1177 1942 1204 tc-

1233 1217 1296 1252 ste.
1328 1219 1384 1251 An
1414 1217 1469 1252 illi
1499 1231 1516 1252 a
1544 1217 1690 1254 Venetis
1721 1218 1941 1267 acceperint,

1234 1267 1290 1302 dic
1319 1266 1430 1307 mihi
1458 1266 1480 1300 fi
1510 1267 1602 1314 potis
1630 1281 1684 1302 es.

1183 1320 1320 1350 Gonna.
1363 1315 1473 1349 Vestis
1517 1317 1718 1362 plerumque
1760 1317 1940 1354 muliebris

1234 1363 1381 1413 species.
1410 1365 1544 1409 Cyclas,
1573 1366 1714 1401 Tunica.
1749 1367 1941 1404 Hebraicae

1233 1414 1382 1463 originis
1399 1414 1464 1449 hoc
1481 1415 1690 1451 vocabulum
1713 1416 1844 1452 censuit
1863 1419 1943 1452 Bel·-

1234 1465 1330 1513 gicus
1369 1468 1480 1500 Varro
1519 1465 1676 1501 Voffius.
1714 1469 1789 1516 Ego
1817 1469 1943 1504 Mena-

1234 1516 1294 1565 gio
1331 1516 1538 1558 arbitranti,
1566 1530 1584 1552 e
1612 1518 1819 1553 Germanica
1853 1519 1944 1555 Lin—

1234 1580 1299 1615 gua
1339 1566 1569 1607 descendisse,
1610 1568 1787 1604 lubentius
1835 1570 1943 1604 assen-

1234 1617 1326 1660 tior,
1355 1616 1415 1652 nifi
1455 1630 1524 1652 vox
1562 1617 1633 1665 ipsa
1670 1617 1710 1653 fit
1747 1618 1883 1655 Celtici
1911 1620 1943 1656 i·-

1233 1666 1421 1707 diomatis,
1448 1668 1500 1703 uti
1529 1668 1749 1704 Boxhornius
1775 1669 1812 1704 in
1838 1669 1942 1704 Glos-

1205 1739 1209 1741 λ
1233 1717 1321 1752 sario
1351 1718 1409 1752 suo
1435 1719 1623 1754 memoriae
1649 1719 1825 1766 prodidit,
1851 1723 1940 1756 Gwn

1232 1767 1379 1803 referens
1408 1767 1500 1802 inter
1526 1768 1660 1804 Celtici
1690 1768 1858 1805 sermonis
1885 1784 1940 1806 re-

1232 1818 1380 1866 liquias.

1181 1870 1318 1916 Gorgia.
1355 1872 1495 1904 Guttur.
1536 1868 1735 1918 Antiquata
1775 1884 1867 1911 vox,
1903 1872 1939 1907 &

1232 1919 1333 1955 nobis
1361 1922 1498 1955 tanturn
1528 1919 1564 1955 in
1604 1920 1684 1963 usu,
1713 1934 1819 1968 quum
1850 1921 1941 1957 dici-

1233 1983 1307 2005 mus
1336 1973 1368 2004 la
1395 1971 1512 2015 Gorgia
1537 1971 1744 2011 Fioremina
1770 1971 1809 2005 ad
1836 1971 1941 2020 ligni-

1232 2019 1404 2055 ficandum
1448 2020 1691 2056 Florentinum
1739 2023 1909 2068 Populum
1927 2046 1938 2062 ,

1233 2070 1322 2117 quasi
1353 2080 1491 2119 gutture
1523 2071 1747 2114 pronuntiare
1774 2072 1937 2120 quasdam

1232 2122 1350 2156 literas
1387 2121 1441 2156 seu
1480 2134 1601 2157 voces.
1640 2122 1771 2157 Frustra
1808 2136 1824 2158 e
1852 2124 1937 2157 Gula

1233 2171 1406 2207 Ferrarius
1435 2172 1522 2207 hanc
1551 2185 1672 2207 vocem
1701 2172 1866 2208 deduxit.
1891 2175 1938 2207 Et

1231 2222 1321 2257 ni'nil
1350 2232 1448 2266 erat,
1477 2236 1537 2258 cur
1573 2222 1759 2271 Menagius
1790 2222 1938 2269 suspica-

1230 2282 1345 2315 retur,
1367 2272 1553 2320 profefi‘cam
1578 2272 1678 2308 illam
1703 2272 1799 2309 fuisse
1818 2286 1835 2307 e
1853 2274 1935 2305 Gut-

1229 2333 1302 2365 τιιν,
1324 2333 1383 2358 aur
1408 2337 1450 2358 ex
1479 2327 1599 2366 Gorus,
1623 2324 1676 2358 vel
1705 2337 1746 2358 ex
1772 2325 1932 2366 Gurgum.

1230 2373 1310 2408 Sine
1339 2373 1561 2409 dubitatione
1588 2377 1717 2419 Gorga,
1753 2372 1785 2404 3<
1814 2371 1932 2417 Gorgia

1229 2423 1373 2459 Italicae
1393 2437 1516 2467 voces,
1544 2423 1594 2458 uti
1615 2425 1647 2456 &
1669 2419 1844 2454 Gallicum
1871 2420 1932 2454 ad-

1228 2474 1293 2509 huc
1317 2473 1475 2509 usitatum
1497 2452 1614 2517 Gmgy,
1640 2468 1785 2504 veniunt
1806 2482 1823 2503 a
1846 2473 1931 2502 Gur-

1222 2537 1277 2570 ges
1304 2525 1457 2565 Latino,
1482 2533 1551 2568 quo
1578 2519 1720 2554 nomine
1747 2519 1930 2576 metapho-

1810 2568 1881 2606 rice
