2169 3047
402 202 491 254 J27

397 297 730 334 nimadvertendum
770 296 898 345 quippe
935 295 1000 338 est,
1039 296 1138 345 eju-

395 347 513 385 smodi
543 350 654 388 Vela,
682 347 750 384 five
778 348 936 390 Fascias‚
963 350 1115 383 Brandea

396 400 575 448 appellata
607 399 674 445 (de
704 399 830 447 quibus
871 399 981 434 multa
1009 398 1113 434 habet

397 451 573 495 Iohannes
601 450 789 485 Ferrandus
815 464 833 485 e
860 450 1032 485 Societate
1058 451 1110 493 Je—

347 522 351 523 ν
394 501 435 537 su
475 501 510 536 in
552 500 803 547 Disquifitzone
840 500 1111 548 Reliquiarum‚

398 553 433 588 8<
467 550 696 599 Du—Cangius
724 551 760 585 in
787 550 982 588 Gloffario‚
1009 560 1048 585 ut
1076 564 1110 586 a—

397 602 467 638 lios
493 601 686 648 omittam)
713 602 901 649 particulas
926 600 1024 636 fuisse
1048 601 1108 636 ob-

399 653 522 701 longas
550 665 592 687 ex
631 652 802 699 ampliore
841 653 908 687 tela
938 651 1111 696 disciffas,

398 713 459 739 aur
488 702 608 738 vittas
636 701 692 738 seu
723 701 876 738 Fascias.
907 702 1019 738 Hasce
1048 716 1106 737 no-

394 754 536 798 vimus,
566 753 745 801 postquam
775 754 997 801 contigerant
1027 755 1103 789 San-

395 804 534 839 ‹storum
574 805 736 851 Sepulcra
774 804 830 850 (&
870 804 963 850 quod
1001 803 1110 851 pluris

396 854 525 894 fiebat,
550 868 670 890 eorum
700 854 906 902 Reliquias)
929 855 1105 902 Reliquia-

394 918 473 941 rum
512 906 592 941 loco
631 905 789 949 habitas,
817 907 851 941 &
889 905 1036 941 fortaffis
1073 907 1109 940 in

397 955 498 991 frusta
527 956 625 992 fuisse
653 956 801 992 divisas.
833 958 884 991 Ut
911 957 1005 991 enim
1034 969 1108 991 om-

395 1006 496 1043 nium
534 1007 718 1043 devotioni
757 1008 855 1043 fieret
893 1007 996 1051 satis,
1025 1006 1111 1042 sacri

393 1057 468 1093 viri
497 1059 650 1094 Brundea
686 1057 723 1093 in
756 1061 885 1093 multas
923 1057 1111 1105 particulas

393 1109 587 1156 peregrinis
624 1107 874 1142 distribuendas
907 1107 1108 1141 conscinde-

393 1158 508 1205 bant3
548 1167 608 1192 aut
649 1156 823 1205 peregrini
865 1156 928 1202 ipfi
966 1157 1110 1191 domurn

393 1206 541 1246 reversi,
567 1206 685 1242 eadem
716 1206 945 1249 dividebant,
974 1206 1110 1242 consul-

393 1257 466 1293 turi
492 1256 650 1292 affinium
677 1259 709 1292 8<
737 1257 930 1292 amicorum
960 1257 1028 1305 piis
1053 1258 1111 1292 de-

394 1306 548 1343 sideriis.
586 1308 814 1342 Exhrandeare
851 1310 933 1342 verb
971 1307 1009 1342 in
1043 1311 1110 1341 Ex-

394 1359 528 1391 &muare
552 1356 757 1390 conversum
785 1356 854 1389 fuit
882 1369 944 1402 pro
971 1359 1110 1403 Neapo-

393 1407 588 1442 litanorum
620 1417 738 1444 more,
766 1404 827 1452 qui
868 1418 928 1452 pro
962 1407 1106 1439 Exbran-

394 1458 471 1492 dare
500 1455 555 1491 seu
594 1456 820 1490 Exbrandeare
855 1455 1013 1490 dixerint
1043 1459 1108 1490 Ex-

394 1509 572 1544 brannare,
585 1504 880 1552 quemadmodum
899 1505 1004 1541 etiam
1022 1509 1112 1540 Ban—

393 1559 471 1592 dum
499 1557 532 1591 8<
563 1559 712 1590 Bannum
741 1556 777 1590 in
808 1555 868 1591 usu
896 1555 985 1591 fuit.
1013 1558 1109 1592 Tum

393 1608 608 1642 Exbrannare
635 1605 784 1641 evaserit
817 1620 879 1655 pro
916 1620 1014 1642 more
1043 1609 1111 1642 Ita-

392 1657 486 1693 licae
526 1656 687 1705 Linguae
724 1656 761 1692 in
788 1660 991 1701 sbrannare‚
1020 1658 1112 1705 quod

394 1707 507 1745 Tusci
528 1707 685 1743 detraE‘co
711 1721 781 1743 uno
804 1711 847 1743 N.
869 1708 991 1744 dicunt
1011 1709 1111 1744 Σύνα-

391 1772 495 1801 mare,
522 1758 606 1794 idest
633 1759 667 1792 in
693 1759 793 1801 frusta
829 1759 1016 1807 discerpere,
1044 1773 1111 1794 con—

395 1809 515 1844 cidere.
544 1808 628 1843 Inde
657 1809 767 1856 postea
804 1813 932 1853 Brano,
964 1810 1114 1851 Fruslum

395 1858 523 1901 earnis,
548 1858 672 1905 panni,
702 1868 762 1894 aut
792 1860 937 1896 alterius
967 1861 1041 1904 rei,
1070 1874 1112 1896 ex

396 1909 539 1957 integro
567 1918 667 1944 antea
699 1923 843 1957 corpore
881 1910 1038 1947 avulsae.
1067 1913 1113 1947 Et

396 1959 482 2008 quia
508 1958 597 1996 ferae
623 1960 660 1996 in
685 1960 785 1996 frusta
811 1960 1011 2009 discerpunt
1036 1975 1112 1997 cor-

396 2023 483 2059 pora
511 2010 743 2055 animalium,
769 2012 977 2048 translatum
1005 2012 1050 2047 est
1078 2014 1111 2048 8<

392 2060 440 2097 ad
478 2059 567 2107 ipsas
603 2061 695 2097 idem
737 2063 902 2098 verbum.
937 2063 1111 2098 Animad-

389 2119 494 2149 verte
531 2111 663 2153 etiam
693 2112 818 2147 Tuscis
856 2113 921 2148 effe
954 2114 1111 2150 diminu-

390 2163 511 2198 tivum
551 2163 753 2205 Brundello,
791 2162 986 2211 significans
1026 2168 1110 2200 Fru-

385 2212 529 2257 stulum,
548 2210 585 2246 ἃ
611 2213 804 2246 Brandone
796 2226 917 2260 ingens
937 2217 977 2248 F
987 2216 1110 2256 ulium.-

391 2263 445 2300 ita
473 2270 513 2297 ut
540 2261 724 2310 agnoscere
752 2262 853 2307 poffis
891 2267 1047 2301 Sbranare
1074 2268 1107 2301 ὃς

391 2317 504 2350 Βναηο
541 2312 580 2347 in
617 2313 755 2361 origine
794 2314 849 2349 sua
881 2328 899 2350 e
927 2319 1109 2352 Brandeum

393 2362 583 2403 emersisse,
621 2377 660 2399 ac
698 2367 740 2399 D.
778 2365 888 2411 postea
925 2368 1108 2404 excidisse.

392 2415 558 2467 Ejusdem
586 2428 725 2463 quoque
749 2415 899 2464 originis
922 2417 967 2451 est
988 2419 1108 2454 ξύναυ-

751 183 1377 244 ANTIQmT.MED11
1412 183 1572 229 AEVI

397 248 438 283 in
468 247 583 294 plures
617 244 807 295 'particulas
844 246 1026 281 diffecaxme
1062 247 1114 281 A-
1145 247 1181 283 A
1219 249 1348 282 Bra-uo.
1374 247 1519 286 Audax,
1555 248 1729 286 Serenum,
1766 248 1884 282 Ferox.

1136 2054 1138 2086 l
1151 2057 1179 2091 Ε

389 2470 534 2509 deum
571 2466 664 2515 quod
708 2467 809 2502 nobis
849 2468 1135 2516 Mutinensibus¹

388 2521 436 2567 ip
426 2519 564 2567 nificat
593 2519 754 2553 Mandare
781 2518 815 2554 in
839 2517 959 2566 pezzi,
987 2532 1025 2554 ac
1053 2519 1135 2557 di-

386 2574 483 2619 ‚nitur
510 2570 552 2608 de
580 2569 747 2608 vestibus.

1178 2571 1187 2617 l

1830 197 1920 244 728

1923 249 1978 285 Ex

1268 300 1402 334 Graeco
1429 308 1546 339 Βραβιων
1557 327 1564 337 ,
1587 307 1647 334 aut
1672 311 1713 334 ex
1741 299 1875 334 Latino
1897 303 1978 335 Pra-

1266 363 1349 390 vus,
1378 360 1439 387 aut
1466 365 1508 386 ex
1538 351 1657 386 Rabies
1690 349 1879 396 Cujacius‚
1910 349 1979 385 Ni-

1267 400 1404 444 corius,
1446 401 1579 449 aliique
1622 399 1740 435 frustra
1784 399 1976 437 deduxere.

1266 450 1426 487 Multum
1444 452 1521 487 heic
1537 451 1752 498 exspatiatur
1767 452 1955 498 Menagius
1967 476 1977 491 ,

1266 515 1285 536 a
1312 502 1433 535 Probus
1460 503 1631 547 denique,
1660 501 1714 536 sed
1752 502 1900 536 minime
1929 501 1978 537 fe-

1266 552 1398 592 licius,
1439 551 1614 599 originem
1655 550 1753 585 vocis
1795 553 1976 588 derivans.

1266 603 1316 635 Ea
1353 610 1499 636 uruntur
1534 599 1724 638 Germani,
1761 601 1880 644 Galli,
1909 603 1978 637 Hi-

1267 650 1386 698 spani,
1415 650 1452 687 &
1491 651 1624 700 Angli.
1659 652 1698 685 In
1737 650 1862 686 Italica
1892 652 1980 687 Lin-

1267 715 1332 749 gua
1354 703 1486 737 multae
1507 701 1733 749 antiquitatis
1759 714 1979 749 nequaquam

1268 751 1428 795 videtur,
1458 766 1565 800 quum
1603 751 1692 800 apud
1730 752 1906 788 neminem
1935 767 1978 789 ex

1268 802 1390 851 primis
1419 803 1653 846 Scriptoribus
1682 812 1861 838 occurrat.
1898 805 1979 839 Ma-

1266 853 1330 888 lim
1360 867 1425 901 ego
1450 853 1549 889 illam
1579 853 1714 888 credere
1740 853 1914 902 propriam
1942 868 1979 889 a-

1266 904 1394 951 licujus
1422 918 1463 940 ex
1495 903 1726 952 praelaudatis
1756 904 1894 951 populis
1923 906 1979 939 ul-

1266 955 1525 994 tramontanis,
1553 968 1592 990 ac
1621 954 1701 989 inde
1729 953 1766 989 in
1805 952 1979 991 finitimos

1266 1015 1489 1054 propagatam
1518 1033 1526 1042 .
1581 1005 1738 1041 Mathias
1793 1006 1979 1041 Cramerus

1265 1059 1361 1090 Brav
1381 1056 1434 1091 seu
1457 1056 1557 1099 Braf,
1575 1056 1625 1091 uti
1651 1055 1870 1103 primitivam
1890 1056 1980 1092 Lin-

1265 1119 1351 1153 guae
1388 1106 1618 1141 Germanicae
1647 1119 1768 1140 vocem
1808 1106 1980 1141 recenset.

1265 1155 1455 1191 schilterus
1486 1169 1625 1204 quoque
1653 1155 1828 1191 Celticam
1859 1164 1980 1203 putat.

1265 1206 1300 1242 Si
1330 1206 1364 1242 id
1396 1220 1544 1251 verum,
1573 1206 1612 1241 ad
1642 1206 1732 1241 hunc
1765 1205 1897 1241 fontem
1928 1220 1981 1242 re-

1265 1257 1355 1304 liqui
1386 1257 1561 1292 biberint.
1592 1259 1637 1291 Et
1667 1269 1772 1302 quum
1803 1264 1842 1291 nt
1880 1257 1981 1292 mili-

1265 1307 1349 1341 taris
1394 1306 1614 1353 appellatio,
1652 1305 1755 1339 facile
1799 1315 1980 1352 propterea

1266 1354 1308 1389 de
1335 1367 1403 1389 una
1431 1355 1468 1390 in
1496 1356 1642 1390 alteram
1667 1365 1804 1402 gentem
1834 1356 1980 1404 migras-

1268 1404 1300 1440 se
1328 1405 1583 1451 potuerit.1n
1613 1406 1760 1440 staturis
1800 1408 1982 1442 Veronen-

1266 1454 1306 1490 fis
1345 1456 1495 1503 Populi,
1535 1458 1642 1491 Anno
1679 1456 1810 1492 Christi
1854 1459 1982 1493 MCC·

1267 1508 1438 1542 XXVIII.
1478 1506 1653 1549 conditis,
1683 1517 1787 1554 atque
1824 1509 1865 1543 ab
1903 1522 1980 1544 eru-

1266 1557 1343 1592 diro
1371 1557 1486 1592 amico
1514 1571 1592 1592 meo
1614 1559 1854 1606 Campagnola
1880 1560 1982 1594 evul-

1265 1607 1355 1657 gatis
1383 1606 1474 1655 Cap.
1507 1610 1587 1644 126.
1617 1619 1827 1643 memoratos
1860 1609 1978 1645 videas

1265 1659 1473 1703 Camphiones
1500 1662 1613 1694 bravos
1640 1660 1670 1694 δι
1706 1659 1921 1706 magistrarum,
1949 1661 1980 1695 i·-

1265 1709 1333 1743 dest
1361 1710 1530 1756 Campiom'
1566 1711 1661 1745 bravi
1697 1724 1712 1743 e
1741 1710 1977 1751 ammae-sirati,

1265 1759 1358 1794 Asta
1400 1772 1541 1806 quoque
1580 1759 1720 1806 publica
1765 1758 1979 1796 Mutinensis

1266 1809 1495 1854 Reipublicae
1523 1809 1650 1856 scripta
1676 1808 1751 1844 vidi
1779 1811 1885 1844 Anno
1909 1809 1977 1846 Ch.

1270 1862 1376 1906 1178.
1416 1860 1581 1902 Boschew,
1622 1860 1739 1902 Lucio,
1774 1860 1816 1893 (9⁶
1868 1863 1979 1895 Bravo

1265 1911 1453 1953 Consulibus
1468 1936 1476 1944 .

1268 1965 1397 1996 Bra-vus
1425 1959 1490 1996 est.

1514 1909 1592 1945 Ubi
1629 1922 1756 1945 nomen
1794 1911 1975 1959 proprium

1216 2012 1362 2047 Breccia.
1391 2011 1552 2047 FraHura
1578 2025 1752 2047 murorum.
1782 2013 1914 2048 Recens
1942 2026 1979 2048 n-

1267 2062 1334 2112 pud
1373 2075 1435 2098 nos
1474 2062 1630 2098 militare
1673 2063 1906 2102 vocabulum,
1942 2065 1977 2099 δε

1267 2128 1286 2150 a
1313 2113 1456 2149 Gallico
1496 2114 1607 2148 Breche
1643 2112 1859 2149 desumtum.
1890 2114 1975 2160 Eju-

1267 2164 1359 2200 sdem
1404 2163 1553 2212 originis
1593 2173 1668 2199 tum
1722 2165 1858 2208 Beccia‚
1898 2173 1974 2198 tum

1267 2215 1397 2255 Bricr'a,
1440 2214 1495 2250 seu
1545 2215 1697 2258 ariciam,
1739 2215 1833 2262 quod
1873 2212 1974 2248 nobis

1267 2266 1311 2301 est
1353 2266 1465 2309 Mica,
1495 2264 1549 2301 seu
1595 2268 1820 2311 Fragmentum
1854 2263 1977 2309 panis,

1266 2315 1456 2365 Menagius
1484 2317 1548 2352 effe
1576 2315 1729 2352 censuit.
1767 2316 1823 2350 An
1854 2326 1973 2349 verum

1267 2367 1329 2406 slt,
1357 2367 1595 2413 experiamur.
1633 2369 1740 2402 Extra
1770 2373 1974 2399 controver-

1267 2417 1348 2453 fiam
1387 2417 1543 2453 futurum
1581 2417 1647 2455 est,
1675 2413 1844 2450 effluxisse.
1886 2418 1977 2449 Brec-

1267 2469 1315 2504 σία
1355 2469 1532 2508 nostrum,
1569 2469 1600 2501 ὅ(
1641 2465 1754 2499 Breche
1794 2465 1974 2501 Gallicum

1267 2532 1287 2555 a.
1322 2518 1534 2555 Germanico
1569 2515 1730 2560 Brecben,
1761 2514 1976 2565 fign÷ficante

1816 2568 1925 2602 Fran-
