2169 3047
409 244 494 284 479

347 287 489 334 faciendi
526 284 675 328 Instituo,
703 293 738 318 ut
773 284 898 331 quando
934 296 990 330 que
1027 292 1117 326 opera
1140 282 1184 317 .A

347 339 470 384 fuerint
492 337 654 382 faciendi,
682 346 718 370 ut
750 349 816 370 cum
851 348 954 371 anona
981 333 1116 379 ejusdem

352 389 541 425 Xenedoc'hii
576 400 682 433 operas
721 387 803 434 ipsas
839 384 1033 431 perficiam,
1069 383 1115 422 ὥ]

352 440 497 484 confirmo
523 450 558 474 ut
595 441 707 481 nostras
736 439 878 473 Oratorio
914 435 1028 471 sancii
1053 438 1113 470 Ze—

353 495 426 526 noni
445 491 588 538 potestati
609 490 704 524 Beati
723 488 887 529 Ambrofii
905 498 997 534 atque
1018 489 1114 521 Dom—

353 544 388 576 ni
416 543 530 576 Thome
556 541 790 586 Archiepiscopi
816 539 869 573 vel
898 539 966 585 ejus
994 536 1107 581 Succes

347 592 471 638 foribus
493 592 674 638 subjaceat,
699 590 835 638 qualiter
859 589 937 622 mihi
960 588 1115 632 pertinuit

352 657 419 677 cum
454 645 538 676 omni
571 642 764 686 pertinentia
792 640 854 683 sua
889 641 923 672 in
961 640 1142 705 integrum!

347 693 445 739 juxta
475 693 551 736 suas
587 705 644 739 que
680 691 885 736 providencia
922 689 1114 728 ordinandi,

353 746 397 778 (9¹
440 743 624 787 defensandi
663 756 730 778 cum
769 740 900 787 reliquis
941 739 1115 786 cunflisque
1156 740 1183 773 Β

351 793 442 829 rebus
469 795 544 829 meis
579 807 671 840 quam
707 793 805 827 eidem
842 793 964 826 Domno
1000 790 1115 824 Thome

350 845 587 892 Archiepiscopi
616 846 662 883 «ἐν
687 856 742 892 per
779 842 879 886 ipsum
911 840 1021 885 [αηέἷε
1047 840 1114 885 ejus

352 895 603 936 Mediolanensis
624 894 757 934 Ecclesie
776 892 929 938 subdedI,
950 905 1022 926 nam
1041 896 1115 925 dum

350 961 399 981 me
424 961 512 994 quem
535 947 633 991 supra
660 946 773 981 Totoni
798 943 951 979 Dominus
977 943 1114 989 omnipo—

351 1008 420 1032 tens
448 998 480 1031 in
508 997 564 1031 hac
590 997 664 1031 vita
687 997 813 1041 servare
833 992 979 1039 juffi‘rit‚
1003 994 1115 1028 cuni-‘ia

352 1062 426 1083 vero
447 1048 589 1093 superius
617 1046 828 1094 comprehensa
858 1057 935 1091 quas
961 1047 999 1077 de
1026 1043 1116 1077 rebus

352 1100 426 1134 meis
450 1099 552 1140 statui
580 1099 612 1132 in
641 1113 708 1133 mea
734 1106 839 1131 manet
866 1094 1013 1140 potestate
1035 1093 1116 1134 ficut

353 1151 446 1196 usque
473 1151 559 1183 modo
580 1149 720 1192 faciendi
756 1146 890 1193 quiquid
915 1147 1063 1187 voluero,
1085 1143 1116 1184 fi

351 1202 446 1236 aliter
476 1212 535 1233 non
572 1199 757 1233 ordinavero
783 1197 836 1230 vel
871 1194 1053 1237 distribuero
1079 1196 1116 1228 de
1151 1200 1195 1235 C,

351 1254 442 1286 rebus
479 1251 553 1284 meis
578 1250 643 1290 fint
679 1248 815 1296 qualiter
843 1245 988 1293 superius
1023 1259 1044 1280 a
1070 1258 1116 1278 me

352 1302 566 1346 confirmatum
603 1301 657 1335 vel
685 1299 869 1341 instidutum
905 1307 972 1329 erat
1007 1296 1116 1329 taliter

352 1354 437 1387 omni
473 1363 604 1398 tempore
641 1351 763 1396 presens
797 1348 976 1392 judicatum
1017 1359 1116 1378 meum

351 1405 463 1438 deveat
504 1413 682 1446 permanere
722 1399 806 1433 omni
848 1410 914 1430 mea
950 1404 1116 1441 parentum

351 1453 571 1498 repedicionem
597 1449 773 1496 ceffantem.
803 1451 909 1493 Quam
937 1446 1037 1492 igitur
1057 1445 1114 1490 ju-

349 1506 490 1540 dicatum
526 1515 623 1536 meum
651 1501 770 1534 Tboma
805 1497 974 1541 descrivere
1003 1495 1116 1542 rogavi

344 1556 454 1600 subter
476 1553 602 1600 propria
630 1564 720 1585 mano
750 1548 894 1594 confirmo
929 1546 1116 1594 testibusque

348 1619 368 1640 a
396 1619 442 1638 me
469 1605 596 1650 rogadis
622 1602 721 1637 obtuli
751 1601 959 1635 ruorandum.
988 1599 1115 1633 Acium

348 1655 532 1690 Mediolani
563 1653 623 1698 sub
650 1655 701 1687 die
732 1653 774 1685 (9'
810 1663 959 1698 regnum,
988 1648 1033 1687 &⁶
1062 1649 1114 1683 in-

347 1705 485 1741 diffi'ione
509 1704 720 1751 suprascrIpta
746 1701 1036 1749 quintadecimam.

399 1760 471 1802 Ego
507 1759 584 1790 Toto
612 1755 645 1788 in
682 1754 761 1788 hunc
787 1753 986 1799 sudigatum
1020 1764 1041 1785 a
1068 1764 1114 1785 me

343 1807 430 1852 fac‘lo
457 1807 573 1853 relegi,
601 1807 644 1839 (9⁹
673 1802 861 1849 subscripsi,
890 1802 936 1842 ὅ]
972 1816 993 1837 a
1027 1802 1112 1845 tesses

346 1859 443 1894 obtoli
471 1857 669 1892 rovoranda.

399 1913 470 1956 Ego
496 1913 554 1942 Oto
564 1932 701 1944 .......
730 1905 764 1940 t'n
791 1905 871 1939 bunc
894 1902 1036 1948 judicato
1062 1916 1110 1937 ro—

341 1972 437 2008 gatus
464 1976 482 1995 a
510 1963 627 1994 Torone
654 1957 741 2000 testes
764 1954 948 2001 subscripsi.

398 2014 468 2057 Ego
495 2012 648 2044 Marinus
675 2013 708 2042 in
737 2008 799 2042 Dei
833 2005 955 2040 nom0'ne
983 2004 1110 2039 Vlcedo-

344 2061 448 2096 minus
477 2062 508 2096 in
536 2061 616 2095 bunc
641 2059 786 2106 judicato
812 2067 940 2104 rogatus
976 2057 1020 2091 ad
1047 2059 1110 2090 To-

1152 1654 1186 1688 D

345 2122 414 2147 tone
442 2122 513 2149 wc.
1135 2100 1182 2142 =E

401 2166 471 2204 Ego
500 2165 535 2195 In
547 2186 659 2196 ......
689 2158 847 2194 scavinus
883 2157 915 2191 in
944 2157 1023 2191 hunc
1041 2160 1109 2201 Ju—
1134 2124 1137 2238 Ι

349 2213 453 2247 dicato
490 2223 614 2257 rogatus
650 2210 757 2253 fuerat
792 2213 921 2252 odone,
958 2210 1001 2241 (9⁴
1029 2208 1109 2253 sub-

338 2263 450 2309 scripsi
466 2289 475 2297 .

398 2317 468 2356 Eoo
504 2312 687 2357 Odelpertus
723 2309 936 2344 subdiaconus
970 2308 1110 2344 Samss'ae

348 2362 597 2403 Mediolanenfis
634 2361 765 2399 Fcolefie
795 2361 826 2394 in
863 2361 942 2393 hunc
969 2360 1107 2404 sz'ica-

346 2426 412 2449 tum
441 2424 567 2460 rogatus
594 2429 614 2448 a
640 2416 758 2447 Τοῖα-ἰε
784 2411 870 2452 testes
892 2410 1082 2457 subscripsi.

396 2468 531 2512 Signum
580 2467 621 2507 ἦρ
669 2475 780 2498 manus
824 2462 994 2496 Garibatdi
1032 2461 1108 2505 filio

345 2524 501 2563 quondam
530 2515 654 2552 Placito
681 2518 724 2550 da
754 2517 852 2551 Porta
882 2515 1032 2560 Argenta
1061 2523 1107 2546 te-

335 2568 397 2611 stis
409 2594 418 2604 .

758 219 1131 280 ANTIQMT.
1171 217 1388 263 MEDII
1420 218 1588 262 AEVI

1839 226 1926 275 480

1270 282 1342 328 Ego
1369 281 1505 316 Thomas
1534 279 1768 326 supraftri'ptus
1804 280 1898 326 hujus
1923 292 1985 326 pa-

1219 332 1331 379 ginam
1359 333 1512 378 Judicati
1547 343 1676 379 rogatus
1712 346 1733 367 a
1768 335 1886 367 Torone
1917 332 1985 380 post

1220 384 1342 419 tradita
1368 383 1519 430 complevi
1545 383 1591 421 &⁹
1618 382 1709 419 dedi.

1272 436 1390 470 Unum
1429 434 1506 470 heic
1544 433 1792 470 tantummodo
1829 433 1977 470 adnota-

1220 493 1295 521 tum
1325 487 1432 528 volo,
1459 498 1583 532 nempe
1608 498 1650 521 ex
1682 487 1869 521 vernacula
1893 485 1985 522 Lin-

1219 549 1285 584 gua
1321 535 1523 572 descendere
1559 534 1848 583 subscriptionem
1886 536 1981 572 testis

1221 587 1345 629 illius,
1383 586 1444 634 qui
1482 585 1576 633 figno
1612 584 1740 621 Crucis
1777 601 1849 623 rem
1887 587 1982 623 suam

1222 636 1374 672 confecit
1400 663 1410 679 ‚
1462 634 1615 671 Notario
1660 636 1852 673 adnotante
1898 637 1983 672 haec

1221 688 1354 736 verba3
1390 686 1525 733 Signum
1560 700 1671 721 manus
1706 687 1880 722 Garibaldi
1907 687 1987 733 filio

1221 741 1377 785 quondam
1404 738 1528 772 Placito
1554 741 1597 772 da
1627 741 1722 772 Porta
1749 742 1921 785 Argenta.
1952 740 1986 774 Is

1220 798 1335 824 autem
1364 787 1402 824 in
1429 788 1576 836 Vulgari
1605 787 1784 833 sermone,
1812 801 1851 825 ut
1880 789 1984 826 facile

1220 848 1346 888 patet,
1388 840 1629 888 appellabatur
1670 841 1845 875 Garibaldo
1885 840 1984 887 figlio

1217 892 1270 925 del
1296 892 1451 937 quondam
1477 890 1599 924 Placito
1625 892 1668 924 da
1691 894 1789 925 Porta
1811 894 1984 938 Argenta.

1222 943 1273 976 Ita
1302 943 1333 975 8<
1365 940 1452 976 alibi
1479 940 1671 987 reperimus
1698 941 1739 973 da
1763 952 1861 985 pars,
1888 942 1922 976 &
1945 941 1985 976 in

1221 990 1436 1039 defignandis
1477 1003 1639 1039 agrorum
1679 989 1807 1026 finibus
1843 994 1887 1026 da
1926 1005 1988 1026 uno

1221 1043 1311 1082 laio,
1339 1055 1400 1076 uno
1427 1052 1531 1085 capu,
1558 1045 1602 1076 da
1629 1055 1719 1076 mane
1736 1066 1746 1080 ,
1782 1045 1825 1076 da
1846 1043 1918 1087 sera
1943 1043 1988 1077 cla

1221 1095 1344 1126 duabus
1368 1094 1535 1138 partibus,
1563 1093 1597 1125 &
1627 1091 1846 1139 hujusmodi.
1875 1095 1920 1128 Et
1945 1093 1985 1128 in

1222 1143 1353 1178 Bullar.
1382 1141 1499 1177 Cafin.
1528 1143 1636 1176 Tom.
1665 1144 1710 1176 ΙΙ.
1739 1142 1774 1177 in
1799 1143 1987 1191 Diploma-

1221 1202 1255 1228 te
1285 1192 1453 1228 Defiderii
1484 1191 1588 1240 Regis
1611 1193 1719 1227 Anno
1748 1204 1830 1239 772.
1859 1195 1892 1227 in
1917 1207 1987 1229 car-

1215 1255 1294 1291 peno
1327 1242 1445 1290 grosso,
1484 1242 1518 1277 in
1554 1255 1660 1276 rovere
1696 1246 1792 1287 arsa,
1829 1244 1984 1290 usquein

1219 1295 1288 1329 alia
1316 1307 1421 1328 rovere
1447 1294 1542 1327 verde
1566 1295 1727 1337 pertusata
1749 1294 1815 1329 &c-
1837 1296 1876 1329 In
1905 1296 1988 1330 Me-

1221 1343 1415 1379 moratorio
1429 1342 1628 1391 conscripto
1645 1353 1725 1379 ante
1739 1346 1882 1380 Annum
1898 1348 1982 1392 884.

1219 1407 1238 1429 a
1276 1393 1460 1429 Berthario
1497 1395 1637 1429 Abbate
1679 1394 1854 1430 Cafinenfi
1878 1423 1887 1440 ‚
1930 1397 1985 1433 uti

1222 1444 1343 1479 aufflor
1370 1443 1415 1479 est
1442 1446 1517 1479 Leo
1546 1443 1707 1479 Ostienfis
1736 1445 1819 1480 Lib.
1847 1448 1872 1480 1.
1894 1446 1985 1495 Cap.

1223 1496 1335 1531 XLV.
1366 1494 1499 1530 Chron.
1537 1493 1655 1530 Casm.
1692 1495 1847 1531 occurrit
1876 1496 1987 1540 Foffa-

1219 1556 1286 1580 tum
1312 1547 1351 1580 de
1386 1546 1420 1579 la
1456 1546 1550 1581 vite.
1589 1547 1634 1580 Et
1671 1544 1708 1581 in
1747 1545 1881 1582 Charta
1911 1549 1986 1583 Lu-

1220 1595 1308 1632 cenfi
1337 1595 1436 1631 Anni
1474 1608 1560 1644 753.
1599 1596 1754 1633 occurrit
1791 1611 1856 1632 una
1892 1601 1987 1633 Torre

1219 1650 1257 1682 de
1277 1661 1352 1683 auro
1367 1647 1511 1691 fabrita.
1533 1649 1578 1682 Et
1599 1647 1731 1683 Charta
1749 1647 1846 1683 Anni
1874 1660 1984 1696 1034.

1219 1698 1313 1734 edita
1349 1697 1439 1733 infra
1467 1698 1503 1733 in
1532 1698 1673 1734 Dissert.
1700 1702 1737 1733 de
1764 1700 1905 1740 Monali.
1935 1703 1986 1734 Ε-

1221 1748 1295 1784 νεέῖ.
1324 1748 1450 1796 scripta
1478 1748 1611 1784 dicitur
1638 1749 1671 1782 in
1699 1752 1761 1782 loco
1787 1750 1842 1784 ubi
1862 1750 1984 1791 sio-de-

1213 1802 1318 1847 garda
1344 1800 1480 1833 dicitur.
1510 1799 1574 1834 Sed
1601 1797 1749 1833 dimiffis
1779 1799 1863 1834 bene
1888 1800 1983 1835 mul-

1217 1850 1264 1886 tis
1300 1848 1498 1897 hujusmodi
1537 1848 1741 1897 fragmentis
1763 1876 1772 1892 ‚
1810 1862 1898 1896 quae
1934 1863 1978 1885 ex

1217 1900 1295 1949 ipfis
1323 1899 1470 1936 Chartis
1498 1899 1534 1934 in
1563 1899 1629 1934 hoc
1650 1901 1764 1948 Opere
1785 1913 1803 1934 a
1824 1913 1880 1935 me
1901 1914 1983 1948 pro-

1217 1951 1331 1987 duffis
1359 1951 1525 1999 colligere
1562 1950 1689 1998 poffem
1708 1978 1717 1994 ‚
1754 1949 1860 1986 satius
1888 1951 1979 1987 duco

1218 2003 1379 2038 adtexere
1407 2001 1445 2036 in
1473 2001 1561 2036 hanc
1589 2001 1744 2036 eamdem
1772 2013 1843 2036 rem
1873 2003 1983 2037 adno-

1217 2063 1291 2089 tata
1328 2066 1346 2088 a
1383 2051 1443 2088 Cl.
1481 2055 1525 2087 V.
1565 2054 1607 2087 D.
1638 2051 1807 2100 Virginio
1837 2052 1980 2088 Valsec-

1218 2103 1323 2146 chio,
1352 2103 1472 2139 Priore
1500 2102 1754 2145 Benediffino.
1792 2101 1830 2138 &
1870 2102 1981 2138 sacra-

1217 2168 1292 2190 rum
1323 2155 1522 2190 Literarum
1559 2154 1596 2190 in
1635 2152 1760 2188 Pisano
1788 2152 1980 2200 Gymnafio

1219 2204 1408 2241 Profeffore
1435 2204 1591 2240 eximio.
1630 2205 1661 2239 Is
1700 2217 1781 2253 ergo
1820 2218 1879 2251 per
1905 2204 1979 2248 epi-

1880 2254 1979 2290 fuiffe

1217 2256 1336 2292 stolam
1376 2256 1458 2291 haec
1496 2255 1556 2290 fibi
1601 2254 1838 2290 animadversa

1189 2316 1193 2353 ζ
1218 2306 1448 2356 signficavit.
1486 2308 1523 2341 In
1551 2307 1695 2349 Charta,
1733 2305 1872 2353 inquit,
1899 2307 1979 2338 An-

1217 2372 1254 2392 no
1271 2361 1392 2393 XVIII.
1410 2357 1609 2401 Liutprancli'
1629 2356 1730 2403 Regis
1751 2355 1865 2390 Indifi.
1883 2355 1977 2389 ΧΙῙῙ.

1210 2409 1331 2455 [cripui
1347 2436 1357 2452 ‚
1395 2410 1447 2443 boc
1473 2410 1515 2450 est
1540 2411 1641 2443 Anno
1667 2417 1749 2453 730.
1780 2405 1834 2439 ubi
1859 2405 1898 2438 de
1928 2403 1976 2447 fi-

1216 2459 1307 2494 nibus
1333 2460 1460 2507 ngitur,
1498 2459 1570 2493 haec
1608 2458 1701 2503 legi:
1739 2454 1824 2490 Uno
1861 2454 1977 2501 capite

1216 2519 1357 2546 tenente
1394 2510 1548 2545 interra
1584 2505 1756 2545 Chisoni,
1793 2506 1825 2540 8<
1864 2505 1974 2540 alium

1215 2561 1329 2609 capite
1358 2568 1497 2596 tenente
1522 2557 1561 2594 in
1588 2566 1679 2593 terra
1706 2554 1873 2592 Ciulloni
1891 2580 1901 2595 ‚
1934 2556 1975 2591 de

1850 2619 1921 2642 uno
