2169 3047
456 223 538 265 '599

395 269 549 318 Paggio.

397 319 565 367 Pajuolo.
585 319 663 365 Vaso
679 319 716 355 dt'
730 333 833 356 rame.
848 319 984 356 Mutin.
1003 320 1158 357 Paruolo.

397 372 632 408 Palandrana.
660 373 696 407 A
724 372 956 407 Balandrana.

396 423 526 460 Paleo.
554 425 678 459 Turbo.
707 422 842 459 Mutin.
869 424 903 458 la
929 423 1054 459 Prilta.

395 474 634 511 Pahschermo
646 501 655 511 .

394 526 602 562 Palmento.
631 525 844 560 calcatorium
870 538 1026 561 uvarum.
1055 524 1158 561 Dici-

445 586 503 613 tur
530 578 564 612 8<
591 576 633 612 de
660 574 902 611 Molendinis.

394 628 574 662 Pantano.

395 678 550 724 Papero.
576 677 792 719 Anserculus‚
820 675 956 713 Mutin.
985 681 1132 714 Pavaro.

799 208 1172 267 ANTIQUJT.
1211 207 1426 258 MEDII
1460 209 1625 253 AEVI

1885 223 1970 259 600

1185 269 1243 311 3A=
1271 270 1448 306 Ronzare.
1477 270 1628 307 Videtur
1654 284 1673 307 a
1701 270 1806 310 sono.

394 728 595 777 Paragone.
621 729 724 773 Lapis
756 728 901 775 Lydius.
927 728 1062 765 Mutin.
1089 732 1157 767 Pa·
1200 723 1230 757 B

446 792 584 826 rangone
598 804 608 816 ο

394 829 524 866 Patina
538 856 549 866 .

393 881 560 917 Pattume
572 907 582 918 .

393 932 546 968 Pentola
559 957 569 967 .

393 982 509 1018 Perno
520 1008 531 1018 .

392 1033 546 1069 Perucca
559 1060 568 1069 .
598 1034 769 1070 Parucca.

393 1083 532 1120 Pialla.
562 1085 733 1120 Rumina.
763 1084 898 1120 Mutin.
927 1085 1040 1121 Px'olae.

394 1133 560 1170 Picciolo
572 1161 582 1175 ‚
613 1136 757 1169 Piccolo
769 1162 779 1176 ‚
810 1134 955 1170 Piccino
969 1162 977 1169 .

397 1184 541 1220 Piloto.
580 1186 663 1220 Vox
700 1183 806 1219 etiam
845 1198 864 1220 a
900 1185 1037 1229 Gallis,
1074 1189 1161 1223 Ger·
1191 1173 1226 1210 C

449 1237 587 1278 manis,
614 1235 647 1269 8<
678 1234 846 1283 Hispanis
878 1234 1058 1285 usurpata.

395 1285 572 1322 Pilottare
588 1312 597 1322 .
970 1302 981 1305 μ

396 1336 639 1373 Pinzochero.
670 1337 841 1372 Bizocco.

397 1386 550 1423 Piuolo.

397 1438 672 1487 szzicagnolO.

398 1488 620 1532 Presciutto,
659 1487 879 1523 Prosciutto.
910 1487 1046 1524 Murin.
1083 1493 1161 1524 Per-

439 1540 548 1584 futto.
572 1541 609 1573 In
634 1551 703 1586 quo
730 1537 945 1587 principium
968 1539 1064 1575 vocis
1090 1544 1161 1574 Per-

442 1603 486 1623 na
528 1589 700 1633 sentitur,
742 1603 812 1637 quo
850 1589 995 1625 nomine
1035 1591 1159 1627 Latini

446 1638 527 1675 {unt
555 1639 621 1675 ufi.
658 1643 751 1673 sano
780 1640 881 1676 nobis
918 1640 963 1676 est
989 1641 1160 1686 Asciutto.
1195 1639 1239 1672 D¹

397 1692 623 1740 Prugnuolo.
652 1693 834 1739 fungorum
855 1692 991 1737 species.

400 1792 577 1841 Quaglia.
604 1793 735 1831 Avium
755 1793 890 1840 species.

398 1893 628 1930 Rabbuffare.
659 1895 828 1930 Rabuffo.

400 1944 613 1981 Racchetta.
640 1946 734 1981 Gall.
761 1949 938 1991 Raquem.
963 1946 1161 1983 Florentini

451 1995 540 2031 hanc
579 2008 700 2033 vocem
737 1996 776 2033 in
812 1997 981 2033 Lacchetta
1016 2011 1162 2035 conver-

451 2056 593 2085 terunt.

398 2100 591 2135 Ramarro.

398 2149 544 2185 Ranno.

398 2200 428 2234 R
436 2207 676 2246 appattumare
686 2226 695 2235 .
724 2199 917 2245 pacificare;

397 2249 600 2286 Raviuolo.
622 2248 771 2287 Alicubi
793 2251 867 2287 vidi
889 2250 1055 2302 scriptum
1076 2253 1163 2299 Ras-

441 2299 562 2344 fiuolo.

400 2351 537 2388 Razza.
575 2351 673 2388 Galli
711 2366 850 2401 quoque
886 2353 1015 2390 habent
1055 2360 1160 2392 Race.

452 2403 512 2437 An
534 2411 679 2451 utraque
705 2417 775 2440 vox
798 2418 816 2440 a
836 2406 949 2441 Radix
970 2406 1161 2450 prodierit,

454 2451 536 2499 justa
563 2453 673 2490 adhuc
711 2455 893 2492 dubitandi
934 2457 1043 2492 caussa
1071 2458 1134 2492 est.

398 2501 573 2548 Rischio,
614 2504 750 2542 Rifico.
788 2507 883 2542 Galli
927 2506 1054 2543 habent
1098 2508 1161 2543 Ri-

1202 2094 1230 2128 E

441 2554 556 2600 squer‚
583 2556 695 2606 Angli
718 2558 824 2599 Εἰπὲ,
849 2557 1001 2608 Hispani
1020 2559 1157 2608 Riesgo,
1185 2572 1188 2581 ·

446 2605 481 2641 ὅ(
507 2607 662 2656 Arriesgo
672 2633 681 2644 .

1178 2608 1185 2648 ί

1231 2603 1240 2647 1

1271 322 1430 357 Rovaio.
1461 324 1599 359 Ventus.

1271 372 1455 408 Ruffiano.

1271 424 1390 472 Ruga,
1413 427 1506 460 Rua.
1527 425 1624 461 Galli
1645 430 1738 462 Rue-⁸.
1762 427 1934 475 Antiquis
1957 442 2028 466 vox

1319 485 1423 510 nota.
1451 474 1685 524 Du-Cangius
1711 476 1749 514 &
1774 480 1962 527 Menagius
1987 494 2030 517 ex

1319 527 1453 561 Graeco
1481 534 1556 566 P‘es‘pm
1589 540 1664 562 eam
1695 537 1851 565 traxere.
1879 531 1941 565 Sed
1971 530 2031 566 ad-

1318 575 1386 611 huc
1423 575 1566 611 dubito.
1605 580 1644 611 In
1680 577 1812 614 Charta
1856 580 2029 617 Parifienfi

1319 625 1420 660 Anni
1456 628 1540 672 780.
1569 627 1656 673 apud
1696 628 1882 665 Baluzium
1909 644 2032 667 occur-

1319 676 1368 711 rit
1395 680 1471 711 Rua
1497 676 1613 713 511„ch
1639 679 1809 715 Germani.

1269 727 1408 763 Ruffare
1419 754 1428 763 .
1456 729 1620 774 Lusci-vire
1628 753 1640 769 ,
1668 729 1814 771 Lufitare
1823 756 1832 765 .

1267 828 1452 869 Sbiavare‚
1490 830 1675 866 Sbiadato.
1712 832 1746 866 A
1786 831 1939 869 Blavus.
1976 835 2031 870 At

1318 880 1408 916 unde
1437 881 1594 915 Blavus?

1267 932 1534 979 Scappucciare.
1568 932 1761 978 Impingere.
1800 934 1896 968 Num
1934 933 2028 981 quod

1316 982 1503 1028 capuccium
1540 996 1558 1018 e
1596 982 1712 1031 capite
1751 982 2028 1033 impingentium

1317 1032 1517 1068 decideret?

1266 1083 1554 1120 Scarabocchiare
1565 1111 1574 1120 .

1266 1133 1529 1181 Scarmigliare.
1562 1136 1658 1169 Num
1691 1135 1732 1170 ab
1772 1137 2031 1173 Excarminare?

1316 1184 1370 1218 Ita
1399 1183 1590 1230 suspicatur
1617 1186 1773 1233 egregius
1804 1186 1941 1234 juvenis
1969 1190 2030 1224 Se-

1317 1233 1425 1269 nenfis
1453 1235 1577 1278 Josessh
1607 1237 1770 1272 Peccius.

1265 1284 1497 1332 Schiappare.
1534 1286 1720 1322 Germanis
1762 1286 1806 1323 est
1841 1289 1949 1336 Gap,
1986 1288 2027 1324 fi-

1316 1335 1486 1383 gnificans
1515 1336 1636 1371 Ic‘lum.

1266 1385 1508 1420 Schiccherare
1520 1412 1529 1421 .

1266 1435 1459 1472 Ssh÷d0ne‚

1265 1486 1432 1523 Schiena.
1459 1485 1557 1523 Galli
1587 1488 1743 1525 Erebine.
1768 1490 1876 1539 Angl.
1903 1490 2023 1529 Cht‘ne.

1317 1537 1480 1574 Fortaffis
1509 1550 1716 1575 accenerunt
1742 1554 1760 1576 a
1788 1542 1911 1577 nobis.

1265 1589 1465 1625 Scimunito
1483 1617 1491 1625 .
1539 1590 1732 1640 Vestigium
1780 1592 1878 1628 vocis
1923 1596 2026 1628 stema

1316 1640 1394 1676 heic
1423 1640 1545 1677 habes.

1265 1691 1428 1727 sciocco.
1466 1695 1560 1727 Zocco
1586 1706 1604 1728 a
1632 1696 1740 1728 soccus
1768 1693 1908 1730 frustum
1937 1694 2028 1744 ligni

1316 1742 1473 1789 praeduri
1518 1745 1713 1787 anpellatur
1752 1758 1770 1779 a
1813 1744 2027 1780 Mutinenfi-

1318 1792 1398 1828 bus.
1429 1793 1619 1828 Hominem
1651 1807 1789 1840 quoque
1819 1795 1942 1830 inertis
1970 1795 2028 1831 in-

1316 1843 1411 1892 genii
1441 1843 1507 1878 hoc
1536 1844 1678 1879 nomine
1706 1845 1857 1880 donant.

1266 1894 1426 1942 Scoglio.
1457 1895 1489 1928 A
1517 1895 1685 1940 scopulus,
1716 1894 1769 1930 sed
1800 1895 2003 1942 quomodo?

1267 1944 1488 1982 Sem-ruceio.
1519 1946 1605 1980 Item
1637 1955 1741 1994 atque
1767 1949 1927 1983 Corrotto.

1268 1999 1503 2036 Scozzonare,
1531 1997 1722 2033 Cozzone.

1267 2047 1445 2084 Sdrucire.

1267 2097 1470 2135 Sdrucciolo
1483 2125 1492 2138 .
1521 2098 1760 2136 Sdrucciolare
1777 2126 1785 2136 .

1266 2151 1427 2187 Semola.
1469 2149 1563 2186 Idem
1610 2159 1714 2199 atque
1760 2150 1900 2197 Crusca.
1945 2153 2025 2188 Lat.

1318 2201 1462 2244 Furfur.

1267 2252 1374 2288 Sesta.
1400 2252 1567 2288 Circinus.
1594 2251 1612 2271 *
1638 2253 1792 2295 Ufitatius
1812 2253 1846 2288 in
1866 2253 1948 2300 plur.
1973 2252 2027 2287 Le

1319 2302 1427 2339 Seste-

1267 2357 1394 2390 Sezzo.
1424 2354 1616 2396 Postremus.
1645 2356 1703 2392 Ab
1732 2354 1791 2390 usu
1819 2350 1971 2388 receffit.

1267 2408 1450 2454 Smagare.
1480 2407 1632 2442 Verbum
1662 2405 1853 2441 obsoletum
1867 2428 1875 2438 .

1268 2456 1493 2505 SmargiafsO.

1267 2508 1460 2544 Smarrire.
1504 2509 1586 2544 Non
1637 2505 1683 2542 est
1724 2511 1816 2541 certa
1866 2503 1968 2555 origo
2007 2518 2026 2540 a

1317 2557 1492 2593 Marritio.

1896 2608 1975 2643 Sor-
2011 2643 2024 2649 „
