2169 3047
357 204 467 246 1015
656 219 659 223 «
706 188 878 232 ΑΝΤῙ

349 252 380 283 T
382 248 539 294 atagliare
555 274 566 291 ,
602 248 807 295 Tartagliare
823 275 832 284 .
867 254 992 282 Ovvero
1017 250 1061 284 da

347 299 576 334 Intenalt'are.
615 299 730 334 Verba
767 298 844 334 sunt
871 297 1060 347 Menagii.

348 349 416 385 Sed
452 348 538 397 quid
574 348 647 390 rei,
686 348 832 397 quaeso,
869 348 915 384 est
954 349 1060 384 verbo

351 400 507 447 Taglt'are
533 411 612 435 cum
649 397 854 435 haesitantia
892 399 1059 449 linguae?

350 461 479 508 Neque
515 473 534 495 a
561 449 795 507 Τραυλίζε-«ν
824 472 903 496 cum
942 462 1060 496 Ferra—

351 510 408 547 rio
434 511 579 546 verbum
609 509 673 543 hoc
697 509 863 546 deducas.
892 510 957 545 Uti
979 511 1061 544 Bal-

352 560 456 596 bmire
483 559 654 595 Latinum
683 572 700 594 a
723 558 807 595 sono
835 560 933 595 vocis
961 561 1060 595 effor-

353 620 489 647 matum
519 611 592 657 jure
620 609 795 654 creditur,
833 610 925 659 quod
964 611 1063 645 Balbi

353 660 619 710 pronuntiaturi
651 661 861 696 vocabulum
879 686 888 701 ,
927 660 965 696 in
994 674 1064 708 quo

354 715 408 746 Ba
436 710 567 756 syllaba
596 710 707 758 prima
735 710 801 755 fit,
839 712 940 747 illam
969 724 1064 759 repe-

353 770 438 797 tunt
478 761 627 797 dicendo
670 761 816 796 Ba-ba:
856 762 907 797 ita
947 765 1063 797 Tarta-

353 812 460 860 gliare
487 811 568 847 inde
595 820 735 848 enatum
777 812 936 856 videtur,
974 812 1067 860 quod

356 862 565 898 haesitantes
616 862 737 912 lingua
787 867 923 908 Tar—*tar
948 890 958 908 ,
1000 862 1068 898 five

358 916 462 948 Ta-ta
489 914 738 962 pronuntient.

308 962 464 1011 Taffello.
501 968 608 1010 Ριξξι)
642 966 680 999 di
713 975 819 1010 panno
854 975 1007 1002 attactam
1035 965 1071 999 di

355 1015 448 1060 suoru
484 1015 607 1060 sotto’l
646 1017 763 1051 bavero
797 1018 850 1052 del
894 1016 1070 1059 mantello,

359 1066 460 1113 ajunt
502 1066 675 1101 Auffiores
718 1067 946 1103 Vocabularii
989 1068 1069 1101 Flo-

360 1116 514 1151 rentini.
543 1116 728 1164 Significat
755 1118 862 1153 etiam
898 1117 1071 1164 quandam

360 1165 500 1201 incudis
528 1165 702 1214 speciem3
731 1167 762 1201 8<
791 1167 932 1202 frustum
961 1166 1073 1215 ligni,

361 1225 424 1251 aut
461 1216 603 1254 lateris,
640 1229 710 1263 quo
748 1217 990 1263 pavimentum
1021 1230 1072 1252 re-

362 1265 529 1300 sarcitur.
558 1266 677 1298 Multa
698 1266 839 1310 quidem
870 1267 974 1299 haber
995 1268 1072 1298 Me-

363 1314 486 1362 nagius
527 1312 568 1348 de
609 1312 747 1360 origine
797 1313 895 1348 vocis
945 1312 1074 1360 hujus,

362 1377 452 1413 quae
490 1362 582 1399 reffie
625 1362 858 1408 considerata,
897 1362 934 1398 in
977 1376 1074 1398 auras

362 1415 528 1451 evolant.
568 1413 690 1461 Inquit
727 1414 930 1462 praecipue,
967 1427 985 1449 a
1016 1417 1072 1447 Pe-

364 1467 414 1501 σία
442 1465 664 1501 efformatum
707 1464 805 1499 fuiffe
841 1463 977 1510 Taffello
1012 1464 1075 1499 hac

364 1515 533 1553 ratione:
577 1515 670 1549 Pecia
689 1541 699 1558 ‚
736 1515 884 1558 Pettium,
920 1515 1050 1550 Peciata
1065 1539 1075 1554 ,

364 1566 548 1609 Pedatam,
571 1565 801 1610 Peciatacium,
822 1566 975 1609 Tucium,
997 1566 1074 1609 Tas—

361 1617 465 1659 fi'um,
494 1615 643 1662 Taffum,
672 1615 789 1662 Taffa‚
817 1616 973 1662 Taffello.
1003 1616 1077 1652 Vix

366 1669 452 1703 haec
479 1668 623 1715 legens,
660 1666 767 1703 risum
797 1667 997 1704 contineas.
1027 1669 1077 1703 U-

367 1731 432 1754 nus
479 1716 671 1753 Ricordani
722 1717 940 1766 Malaspinae
980 1719 1077 1754 locus

367 1768 521 1805 adfertur
546 1793 556 1809 ‚
608 1767 668 1804 ubi
721 1777 976 1805 commemorat
1015 1783 1079 1803 una

363 1820 516 1868 gonnella
535 1820 670 1862 strena,
697 1833 714 1853 e
738 1820 774 1854 di
795 1819 895 1867 groffo
917 1820 1079 1864 scarlatti-

367 1883 407 1904 no
432 1871 468 1905 di
506 1871 620 1905 Proino
648 1870 799 1918 (vocem
838 1870 926 1906 hanc
963 1885 1079 1907 emen-

369 1919 430 1954 dat
456 1921 643 1970 Menagius
672 1920 847 1957 scribens:
878 1921 920 1957 E’
948 1924 990 1957 da
1013 1923 1078 1968 leg—

367 1982 440 2017 gere
479 1970 626 2017 d‘lpro.
669 1972 732 2008 Sed
774 1971 912 2008 fallitur
936 1999 944 2008 .
990 1973 1080 2007 Vide

369 2019 660 2057 Differtationern
693 2025 862 2058 XXVIII.
889 2025 927 2058 de
946 2023 1080 2063 diversis

370 2070 526 2106 Pecuniae
571 2072 765 2118 generibus,
811 2073 870 2109 ubi
911 2073 1080 2117 ostendi,

370 2119 554 2168 Oppidum
582 2121 762 2157 Gallicum
791 2124 918 2157 Pruvin
948 2125 1082 2159 celebre

370 2171 462 2206 olim
498 2170 663 2206 exstitisse
696 2172 741 2206 ob
779 2185 971 2220 pannorum
999 2173 1080 2210 stru-

373 2220 539 2267 auram)
567 2235 582 2254 e
617 2234 660 2254 un
697 2223 845 2257 mantello
880 2223 1021 2267 foderato
1047 2225 1083 2258 di

373 2271 470 2310 vain,
507 2271 552 2304 col
587 2269 723 2316 Taffello
757 2274 794 2306 di
825 2273 941 2320 sopra.
984 2274 1081 2310 Mihi

374 2319 511 2366 Taffello
547 2320 639 2356 nihil
676 2321 771 2358 aliud
808 2323 873 2367 est,
911 2323 972 2358 nifi
1009 2324 1081 2372 ipsa

373 2371 483 2419 panni
511 2383 612 2419 pars,
640 2372 756 2408 addita
794 2373 961 2421 superiori
998 2374 1080 2409 lim-

376 2423 421 2457 bo
451 2421 584 2466 Pallii,
622 2435 726 2470 quam
763 2425 976 2474 appellamus
1012 2428 1077 2460 Ba·

374 2485 467 2508 τινα.
499 2473 635 2521 Nempe
668 2474 804 2509 Pannus
841 2473 1078 2525 superimposi-

374 2528 433 2558 tus
469 2524 612 2561 Panno.
649 2524 685 2559 A
721 2523 980 2562 Mutinensibus
1015 2526 1082 2563 fre-

888 187 1074 247 QJIT.
1116 185 1331 232 MEDJJ
1366 185 1524 232 ἈΕνι

1101 247 1135 282 A

1112 702 1137 735 Β

1118 1604 1150 1637 D

1184 1064 1281 1106 Tasta
1301 1090 1309 1099 .

1226 245 1450 294 quentiffime
1476 247 1659 284 adhibetur
1696 198 1933 296 usti-53:551}-

1227 296 1419 345 gnificandi
1447 298 1560 335 caussa
1586 301 1780 335 Tabularum
1807 301 1845 337 in
1878 313 1935 336 ae-

1227 348 1328 383 dibus
1349 375 1359 392 ,
1400 349 1433 383 &
1469 348 1507 385 in
1544 350 1644 385 rebus
1679 364 1739 399 per
1774 352 1933 387 ordinem

1227 397 1401 447 dispositis
1442 399 1483 435 ad
1521 399 1691 436 ’fabulati
1727 401 1933 438 fimilitudi-

1228 461 1328 484 nem.
1356 449 1481 487 Ficus,
1508 460 1599 492 ova,
1627 457 1731 496 atque
1756 452 1845 488 aliae
1872 452 1936 488 hu-

1228 499 1379 550 jusmodi
1420 511 1472 533 res
1514 498 1785 540 convehendae,
1823 503 1939 537 collo*

1229 559 1352 585 cantur
1389 547 1427 583 in
1455 548 1546 584 cistis
1583 562 1643 598 per
1669 550 1868 592 Tabulata,
1895 551 1939 585 fi-

1230 614 1272 636 ve
1299 603 1436 642 Strata,
1474 612 1561 647 quae
1597 613 1660 637 nos
1688 599 1820 646 Taffelli
1848 600 1938 637 dici-

1230 663 1325 685 mus.
1353 649 1532 685 Gallicum
1560 654 1626 685 Tas
1649 651 1765 686 Seriem
1792 652 1826 686 8<
1854 654 1939 686 Con—

1226 700 1343 748 geriem
1380 712 1494 735 rerum
1531 700 1729 749 fignificat,
1771 701 1826 737 sed
1868 701 1937 737 fere

1231 751 1364 798 semper
1390 749 1459 786 fine
1485 751 1608 786 ordine
1645 752 1909 802 conjunfiarum
1927 778 1937 787 .

1232 803 1457 849 Acceperunt
1483 811 1599 837 autem
1627 803 1847 839 Mutinenses
1872 802 1939 838 hoc

1233 864 1360 887 nomen
1394 851 1432 887 in
1469 852 1647 900 posteriori
1685 852 1940 903 significatione

1234 925 1252 948 e
1288 914 1423 947 Graeco
1459 903 1609 960 Τοὶξις,
1636 913 1701 949 hoc
1729 913 1796 953 est,
1832 914 1940 950 Ordo,

1235 963 1326 1010 quod
1355 962 1391 998 in
1421 963 1612 1008 Taxellum,
1640 963 1797 1010 Taffello‚
1834 962 1943 998 dimi-

1235 1013 1399 1048 nutivum
1418 1014 1626 1050 vocabulum
1643 1042 1653 1059 ‚
1670 1022 1922 1050 converterunt
1935 1039 1944 1047 .

1352 1064 1555 1108 Lemniscus‚
1596 1075 1656 1101 aut
1691 1065 1846 1100 Turunda
1889 1062 1943 1110 (fi

1235 1123 1352 1149 tamen
1382 1114 1568 1160 postremae
1605 1116 1687 1152 huic
1715 1114 1797 1152 voci
1834 1114 1945 1150 fiden-

1235 1163 1317 1198 dum
1347 1163 1416 1210 est)
1444 1163 1527 1197 idest
1555 1164 1734 1200 filamenta
1752 1189 1762 1203 ,
1791 1178 1879 1210 quae
1907 1164 1945 1199 in

1236 1214 1379 1249 vulnera
1424 1212 1680 1250 inmittuntur.
1725 1214 1827 1262 Piget
1864 1226 1946 1252 me,

1236 1262 1367 1294 adferre
1396 1261 1646 1305 Menagianam
1678 1263 1946 1309 Etymologiam

1238 1317 1383 1366 petitam
1414 1331 1432 1353 e
1459 1318 1594 1353 Graeco
1623 1313 1782 1365 Μοτος,
1809 1318 1872 1354 hac
1893 1332 1947 1354 ra-

1237 1368 1370 1403 tione:
1415 1371 1546 1408 Motus,
1589 1371 1684 1404 Mota
1707 1393 1718 1409 ‚
1761 1370 1946 1413 Motastus,

1238 1418 1403 1462 Marulla,
1441 1419 1558 1462 Tasta.
1596 1419 1694 1466 Quid
1732 1421 1825 1457 inter
1852 1433 1945 1456 mera

1239 1469 1501 1517 phantasmata,
1529 1483 1568 1506 ac
1591 1470 1790 1519 hujusmodi
1817 1473 1947 1517 Etyma

1238 1519 1401 1565 interfit,
1438 1533 1509 1556 non
1548 1520 1673 1558 video.
1711 1525 1795 1559 Non
1833 1521 1947 1571 dispar

1239 1571 1391 1608 Ferrarii
1419 1571 1566 1621 opinio,
1596 1573 1752 1621 putantis
1779 1588 1799 1609 a
1823 1573 1949 1607 Taxilli

1233 1622 1447 1664 fimilitudine
1475 1622 1603 1658 venisse
1630 1624 1745 1668 Tasta.
1783 1625 1885 1659 Malo
1913 1636 1947 1658 e-

1239 1686 1285 1725 go
1325 1672 1428 1710 fateri
1469 1687 1524 1709 me
1561 1673 1639 1725 heic
1683 1675 1784 1722 plane
1827 1687 1947 1710 caecu-

1239 1725 1387 1759 tientem
1402 1751 1411 1769 ,
1439 1725 1542 1771 quam
1572 1727 1728 1772 Etymon
1749 1726 1849 1761 nullo
1870 1724 1948 1760 fun--

1240 1774 1406 1811 damento
1446 1775 1575 1810 fultum
1617 1789 1833 1824 proponere.
1882 1774 1948 1810 Di>⁴

1241 1838 1317 1861 cam
1347 1824 1484 1873 potius,
1523 1825 1636 1860 videri
1665 1826 1777 1870 mihi,
1816 1825 1948 1860 Salmau=

1241 1876 1325 1911 fium
1354 1876 1425 1912 rara
1454 1876 1516 1911 illa
1536 1875 1754 1919 eruditione,
1785 1889 1851 1923 qua
1873 1877 1948 1923 poi-

1242 1927 1357 1966 lebat,
1385 1936 1459 1963 tum
1483 1925 1579 1962 usum
1602 1939 1671 1961 non
1693 1925 1812 1968 fuiffe,
1839 1939 1946 1974 quum

1243 1978 1280 2013 in
1319 1978 1427 2014 Notis
1464 1977 1505 2012 ad
1544 1976 1733 2023 Vopiscum
1783 1976 1819 2012 in
1863 1977 1949 2012 Vita

1244 2027 1452 2067 Aureliani,
1483 2041 1559 2076 pag.
1580 2039 1664 2076 407.
1687 2026 1839 2076 scripsit,
1862 2031 1950 2064 Pan-

1244 2094 1297 2114 nos
1328 2078 1421 2124 suiffe
1451 2079 1566 2123 fascias
1604 2080 1647 2112 δ’
1682 2091 1801 2123 zonas,
1837 2079 1949 2125 quibus

1243 2131 1341 2173 cester
1369 2131 1583 2168 ornabantur,
1621 2128 1747 2164 addens
1784 2128 1948 2165 subinde:

1247 2182 1390 2228 lfegerim
1419 2181 1591 2223 Lemnifcos
1619 2180 1660 2213 (9⁶
1686 2183 1814 2214 Pannos
1850 2180 1951 2223 indifi-

1240 2233 1376 2276 fcrenter
1408 2243 1464 2278 pro
1500 2231 1605 2264 eadem
1641 2242 1673 2263 re
1708 2230 1838 2277 usurpat
1879 2230 1953 2265 Lilae.

1247 2296 1280 2329 3.
1309 2285 1388 2325 Cap.
1427 2283 1482 2317 18.
1512 2280 1612 2315 Artis
1649 2279 1785 2316 scilicet
1813 2280 1952 2316 Veteri-

1245 2332 1386 2368 nariae.
1425 2333 1477 2365 En
1515 2330 1657 2379 Vegetii
1695 2331 1830 2368 verba:
1869 2334 1949 2365 Cen—

1244 2394 1295 2419 tra
1320 2381 1470 2425 incisuras
1496 2391 1628 2428 quatuor
1650 2382 1858 2426 foraminibus
1877 2391 1951 2412 cau«

1243 2443 1305 2468 tere
1317 2433 1491 2479 pertunde,
1512 2430 1558 2470 (ἐφ’
1578 2435 1728 2476 Parmos,
1748 2432 1800 2465 vel
1821 2429 1950 2463 Lemni-

1238 2484 1305 2528 [σος
1340 2496 1377 2520 ex
1411 2492 1494 2518 aceto
1523 2482 1583 2527 sub
1609 2492 1674 2517 cute
1703 2490 1760 2524 per
1791 2478 1950 2521 foramina

1244 2532 1408 2580 trajicies.
1454 2534 1536 2570 Non
1576 2527 1826 2614 animadvergt
1867 2528 1951 2574 vir,

1818 2586 1899 2616 rm-
