2169 3047
357 234 443 271 999
626 213 1056 273 ANTJOUJT.
1100 211 1348 256 MEDJJ
1390 212 1582 256 AEVJ
1762 229 1874 259 1000

353 278 428 313 Nili
457 277 490 311 8<
530 274 591 324 ipfi
628 274 797 311 Get-mani
837 274 935 310 suum
961 273 1133 318 spiesszA

353 340 397 362 ex
442 327 576 363 Latino
628 327 779 370 Expensa
828 324 1066 368 deduxerint,

353 391 418 414 nos
461 377 607 414 fortaffis
645 380 686 413 ab
728 376 774 412 iis
815 375 904 412 hanc
941 387 1066 410 vocem

356 429 513 466 mutuati
542 428 731 464 fuerimus.

304 484 482 528 Spezzare.
521 480 614 515 Vide
649 479 748 527 supra
783 478 827 514 ad
854 478 1064 514 vocabulum

358 535 422 576 Pez
446 546 484 567 a.

303 585 332 617 S
327 584 387 630 pia
402 609 410 618 .
424 545 659 627 ἶΕκΙιπῖοναιον.
696 583 721 614 5
720 580 809 627 piare
821 608 830 623 ,
868 580 1043 627 Explorare
1058 606 1066 615 .

355 632 517 668 Gallicae
541 631 702 680 Linguae
721 630 766 666 est
786 631 904 678 Espie,
932 631 1065 678 Espier.

356 683 558 719 Fureterius
596 697 613 717 a
648 683 752 727 Spiris
785 681 980 727 servandis,
1008 690 1068 716 aut

1225 271 1352 308 Italico
1387 272 1528 317 spinare
1558 273 1610 320 gli
1636 271 1730 311 Orci,
1769 275 1862 321 quod
1890 274 1930 308 de

1222 322 1379 362 Avaris,
1409 332 1468 359 aut
1494 324 1535 360 de
1562 323 1740 360 Mendicis
1767 324 1931 368 di&um,

1222 373 1284 422 qui
1322 374 1486 422 reliquias
1518 374 1594 409 vini
1632 387 1676 410 ex
1712 373 1838 410 alienis
1875 388 1932 411 ur-

1223 426 1294 462 ceis
1322 425 1474 474 sugunt,
1510 433 1551 459 ut
1586 425 1730 472 proprio
1764 436 1930 475 parcant·

1224 486 1285 513 aut
1303 490 1345 512 ex
1367 474 1561 524 angustiore
1582 475 1674 509 urcei
1695 475 1802 511 rostro
1827 477 1930 523 (Βεε-

1223 528 1318 562 cuccio
1353 525 1509 573 Tuscis)
1551 524 1704 569 bibunt,
1741 524 1780 560 ut
1815 526 1931 562 minus

1224 578 1370 614 bibant.

1170 630 1289 674 Spola,
1316 627 1456 672 spuola.
1485 626 1578 663 Vide
1613 602 1712 675 supra
1740 626 1781 662 ad
1810 639 1931 663 vocem

1226 679 1353 714 Pania.

356 747 376 770 a
403 734 535 780 specula
571 733 726 775 Latino,
763 741 822 768 aut
859 733 901 768 ab
939 732 1068 767 Italico
1110 738 1145 772 ss:
1172 728 1933 778 Spranga.VidesuprainvocabuloBranca.

355 785 438 831 Spia
461 784 637 820 Gallicam
664 797 787 819 vocem
811 782 966 819 arceffit.
987 784 1066 818 Me-

357 835 481 884 nagius
532 835 575 870 ab
620 835 770 883 antiquo
816 848 855 869 ac
901 833 1068 869 inusitato

356 887 484 931 Spicare
511 899 573 933 pro
600 887 751 931 Aspicere
767 914 776 929 ,
814 885 902 921 hanc
931 884 1042 921 traxit
1059 911 1068 920 .

357 937 532 974 Caninius
569 937 850 981 abrExptomre,
892 935 1069 972 Ferrarius

358 1001 379 1023 a
405 989 551 1032 Κρισαῖον
577 988 766 1024 deduxere.
796 987 960 1035 Denique
981 985 1069 1022 Vos-

358 1038 424 1075 sius
451 1052 470 1074 a
497 1039 710 1075 Germanico
732 1039 853 1086 spien,
881 1038 991 1088 ipsam
1012 1037 1071 1073 de-

357 1089 514 1126 rivavit.
546 1089 643 1126 Mihi
681 1103 822 1138 quoque
860 1089 935 1125 veri
973 1088 1070 1124 vide-

358 1148 418 1176 tur
455 1139 603 1175 fimilius
641 1141 684 1175 ab
720 1154 759 1176 ea
795 1140 964 1187 Lingua,
1001 1151 1073 1174 non

1172 785 1198 816 5
1196 792 1319 829 precare
1329 802 1337 816 =.
1362 780 1531 828 Prodigere
1542 808 1551 825 ,
1575 784 1603 815 C
1605 781 1757 826 onsumere
1767 805 1778 821 ‚
1804 780 1935 827 Disper—

1220 845 1317 879 gere.
1355 834 1560 872 Romanae,
1590 840 1650 867 aut
1678 831 1935 880 Neapolitanae

1227 882 1382 918 Dialeffi
1411 883 1555 919 verbum
1586 892 1692 932 puto.
1726 881 1935 918 Academici

1225 933 1425 970 Florentini
1464 947 1574 970 unum
1612 934 1813 982 exemplum
1849 933 1937 968 offe-

1224 994 1328 1028 runt,
1355 984 1551 1021 desumtum
1575 998 1623 1020 ex
1640 984 1831 1031 Rhythmis
1854 986 1938 1019 Fra-

1225 1035 1289 1071 tris
1310 1036 1480 1084 Iacoponi
1500 1035 1712 1072 Tudertini.
1740 1034 1938 1084 perpende,

1225 1100 1309 1122 num
1336 1087 1486 1123 nostrum
1511 1087 1664 1134 sbrigare
1690 1087 1727 1122 in
1755 1099 1815 1122 ore
1837 1088 1939 1135 Apu·

1226 1137 1342 1172 lorum
1371 1138 1507 1172 evafiffe
1535 1138 1693 1184 potuerit
1719 1141 1887 1184 Sprecare.

359 1199 477 1226 autem
517 1203 535 1224 a
572 1190 731 1230 Latina,
771 1190 936 1225 diffusum
974 1188 1073 1224 fuisse
1104 1193 1138 1231 C
1175 1189 1375 1234 Spruzzare.
1396 1188 1623 1233 Conspergere‚
1641 1188 1769 1232 Asperg
1771 1199 1836 1220 ere.
1858 1186 1940 1221 Me-

359 1241 573 1276 vocabulum
627 1239 665 1276 in
716 1240 870 1287 reliquas
911 1242 1099 1295 Europae

359 1300 511 1338 gentes,
554 1302 638 1334 quas
676 1289 738 1322 fibi
777 1289 906 1321 Ατὲὶοί
945 1275 1099 1335 Populi}

358 1338 565 1375 iubdidere.
602 1337 770 1372 Germani
807 1337 920 1383 spiare
949 1336 1074 1371 dicunt

358 1393 484 1437 Spgen,
520 1387 559 1424 ἃ
595 1389 735 1434 spehen.
774 1388 914 1423 Praeter
949 1387 1073 1422 Gallos

358 1439 512 1488 Hispani
533 1452 672 1487 quoque
694 1437 798 1483 Espt'a
819 1437 965 1482 dicunt,
994 1439 1073 1473 An-

359 1492 412 1541 gli
440 1493 524 1525 vero
550 1506 570 1526 a
596 1494 684 1536 5py,
721 1490 756 1523 ὃς
784 1500 815 1523 to
840 1492 928 1535 Spy.
964 1490 1073 1524 Saxo-

359 1556 421 1578 nes
449 1540 588 1588 antiqui
607 1540 771 1586 spyrian‚
801 1540 928 1588 Belgae
955 1540 1073 1587 Spien.

359 1592 522 1629 Difficile
562 1601 619 1626 tot
663 1590 790 1638 Populi
832 1589 1074 1627 consensissent

358 1644 399 1680 in
426 1641 666 1679 convertendo
692 1642 860 1686 speculor,
897 1642 1010 1689 spico,
1038 1639 1097 1677 8<
1111 1647 1147 1681 D

358 1694 484 1730 horum
523 1693 651 1729 similia
688 1692 727 1728 in
763 1693 910 1729 eandem
947 1706 1072 1729 vocem

359 1746 460 1792 Spia.
498 1745 618 1780 Facile
645 1747 729 1780 vero
756 1745 799 1779 ab
828 1757 894 1780 una
928 1746 1073 1792 Septen-

360 1796 570 1832 trionalium
599 1795 760 1844 gentium
788 1794 931 1842 Lingua
959 1795 1072 1843 fingu-

360 1847 391 1883 li
426 1846 480 1883 isti
520 1847 647 1894 Populi
684 1844 965 1894 antiquissimum
993 1848 1076 1892 Spia

360 1897 606 1934 deduxerint.
653 1897 872 1937 Roiandinus
912 1897 996 1934 Lib.
1037 1911 1073 1944 4.

360 1946 442 1995 Cap
423 1961 453 1995 p.
514 1961 569 1985 ιι.
614 1947 792 1985 Chronici
842 1948 883 1985 ad
929 1953 1073 1984 Annum

1227 1239 1333 1285 nagio
1364 1237 1467 1284 origo
1494 1236 1594 1271 verbi
1627 1236 1730 1283 hujus
1768 1236 1812 1272 est
1841 1239 1942 1280 Spar-

1224 1299 1297 1331 gere
1314 1286 1416 1319 ,Sed
1444 1284 1540 1318 aliud
1569 1284 1614 1317 est
1639 1288 1818 1330 spargere,
1846 1285 1941 1319 aliud

1229 1333 1466 1392 anspergere;
1497 1342 1738 1381 praeterquam
1766 1333 1860 1382 quod
1888 1334 1944 1369 ni-

1230 1385 1303 1421 mia
1339 1385 1384 1420 est
1420 1383 1600 1420 diverfitas
1636 1384 1730 1419 inter
1762 1389 1944 1432 spru-<zare

1231 1435 1269 1473 &
1297 1439 1474 1484 Spargere.
1514 1438 1597 1471 Vox
1632 1435 1678 1471 est
1708 1435 1944 1476 Germanica,

1231 1487 1272 1524 ad
1303 1501 1366 1523 nos
1396 1487 1586 1523 translata.
1623 1487 1808 1523 Germanis
1835 1488 1945 1532 sprit-

1231 1552 1313 1585 zen,
1349 1538 1405 1575 seu
1432 1542 1614 1586 „S'prutzen⁹
1650 1538 1742 1574 idem
1772 1537 1946 1587 fignificat

1232 1599 1337 1638 atque
1379 1589 1546 1626 Italicum
1586 1593 1796 1636 Spruzzare.
1844 1589 1946 1625 Italis

1231 1654 1373 1689 quoque
1408 1641 1446 1677 in
1483 1643 1544 1677 usu
1580 1640 1625 1677 est
1652 1641 1852 1688 Sprizzare²
1889 1639 1943 1676 sed

1230 1692 1405 1742 fignificat
1431 1692 1597 1734 Profilire.
1623 1691 1835 1728 Mutinensis
1857 1691 1944 1727 Dia-

1231 1743 1342 1779 lefi‘tus
1378 1743 1523 1779 adhibet
1557 1747 1739 1790 Spruzzare
1773 1744 1807 1778 8<
1835 1742 1944 1787 Spric-

1231 1807 1316 1834 care,
1346 1793 1438 1830 idem
1468 1793 1700 1842 significantia
1729 1804 1833 1841 atque
1860 1796 1945 1827 Con-

1226 1845 1393 1893 spergeue.
1430 1846 1610 1881 Praeterea
1639 1844 1766 1881 Italice
1792 1843 1944 1879 dicimus

1232 1897 1417 1944 Sbruffare,
1454 1895 1549 1944 quod
1575 1909 1596 1931 a
1622 1895 1708 1931 sono
1735 1893 1834 1931 vocis
1863 1907 1945 1930 ena-

1233 1955 1310 1984 tum
1338 1946 1500 1983 videtur.

361 1997 493 2033 Christi
528 2001 805 2036 Mccxxiux.
844 1999 994 2044 scribit,
1032 2000 1073 2035 ab
1182 1999 1350 2046 Squama,
1369 1999 1571 2045 Squadrone.
1587 1996 1678 2033 Vide
1698 1997 1797 2047 supra
1821 1996 1861 2034 ad
1885 2010 1948 2032 vo-

360 2049 532 2086 Eccelino
560 2050 602 2085 de
633 2053 794 2087 Romano
833 2051 965 2096 Spiones
1000 2064 1076 2097 quo-
1235 2062 1310 2085 cem
1339 2050 1487 2084 schiera.

355 2099 452 2146 [dam
478 2100 674 2136 collocatos
702 2101 823 2144 fame,
862 2111 901 2138 ut
928 2102 1075 2137 adnota-
1110 2102 1140 2137 E
1183 2101 1315 2136 stalla.
1342 2100 1532 2135 stabulum.
1559 2100 1618 2136 Ab
1646 2099 1712 2135 hoc
1740 2099 1816 2148 ipso
1843 2099 1950 2137 Lati·

307 2170 310 2171 ⁷
361 2162 442 2190 tent
461 2175 472 2191 ,
512 2150 574 2198 qui
612 2150 772 2187 amicitia
808 2151 921 2199 junai
959 2151 1076 2188 forent
1204 2171 1207 2174 -
1235 2164 1282 2186 no
1302 2150 1476 2186 vocabulo
1499 2151 1664 2187 Italicum
1685 2150 1874 2199 Menagius
1898 2150 1949 2187 ef-

363 2213 444 2236 cum
474 2200 685 2238 Marchione
713 2201 860 2239 Estenfi.
1236 2201 1427 2238 formatum
1464 2210 1565 2251 putat
1585 2229 1594 2238 .
1633 2204 1716 2238 Non
1755 2201 1918 2243 improbo
1939 2229 1948 2238 .

311 2251 460 2301 Spigolo.
489 2253 645 2298 Angulus
681 2252 720 2287 in
750 2252 953 2299 corporibus
990 2252 1073 2290 soli-
1237 2254 1410 2289 Attamen
1436 2266 1548 2301 quum
1574 2253 1615 2288 sit
1642 2252 1882 2301 antiquissima
1909 2266 1947 2288 ac

362 2303 438 2338 dis.
475 2303 527 2338 lta
565 2303 794 2361 appellatum·
809 2302 948 2340 fortasse
983 2304 1073 2344 fuit
1238 2304 1377 2352 propria
1414 2305 1645 2340 Germanicae
1680 2304 1842 2354 Linguae
1875 2316 1946 2340 vox

363 2353 458 2402 quod
495 2353 616 2401 anguli
652 2353 748 2390 acuti
784 2353 822 2389 in
860 2355 997 2400 portis,
1035 2355 1073 2390 in
1236 2356 1351 2397 stall,
1389 2368 1501 2402 neque
1533 2356 1596 2391 illa
1623 2369 1642 2392 e
1668 2358 1840 2391 stabulum
1866 2362 1946 2389 nata

364 2404 510 2440 arcubus
537 2405 603 2439 διε.
637 2405 758 2452 spiculi
785 2403 961 2454 cuspidem
988 2405 1074 2442 imi-
1237 2405 1421 2446 videatur,
1441 2419 1484 2441 ex
1501 2407 1689 2443 Germania
1713 2407 1828 2453 potius
1842 2403 1946 2450 qu’*m

363 2455 432 2492 tari
462 2454 669 2491 videantur.
1237 2469 1280 2492 ex
1301 2457 1410 2492 Latio
1430 2456 1590 2493 fortasse
1588 2458 1740 2506 petenda
1761 2454 1861 2501 origo
1884 2466 1948 2488 vo-

313 2507 487 2554 spilorcio
513 2511 670 2541 Avvus.
699 2509 841 2544 Nomen
865 2487 1014 2543 fortaffis
1038 2521 1074 2543 e—
1237 2507 1354 2543 cabuli
1382 2507 1488 2544 nostri
1514 2509 1641 2545 stalla.
1676 2504 1740 2542 Sed
1766 2504 1858 2541 nihil
1885 2503 1945 2540 ¹de-

367 2566 489 2601 natum
514 2558 556 2594 ab
577 2558 762 2606 Expilando
776 2562 912 2600 Urceus,
937 2558 1006 2596 sive
1030 2571 1074 2594 ex
1237 2570 1366 2595 cerno.
1511 2584 1513 2587 .

1796 2610 1896 2644 Smn-
