2169 3047
390 199 471 251 831

734 190 1100 250 ANTJQJJT.

1141 190 1355 236 MEDII
1389 195 1547 238 'AEVI
1806 201 1889 253 832

382 252 507 288 dicasse
535 251 624 287 mihi
662 251 870 300 persuadeo.
907 253 1025 296 Quare
1058 251 1088 286 i·
1127 251 1161 286 A
1196 255 1365 289 Granum.
1400 257 1523 301 Mazzo
1549 255 1585 289 di
1610 255 1712 302 scope,
1740 257 1784 290 col
1810 258 1901 303 quale
1922 255 1952 296 fi

381 315 487 352 nepta
525 303 607 338 haec
640 302 780 337 omnia.
817 302 954 349 Opinoi·
981 315 1089 349 ergo,

382 368 453 391 non
483 353 576 389 aliud
605 354 669 388 esse
698 352 940 388 Florentinum
965 355 1072 397 G⁰Z<⁰

383 406 515 452 viglia,
554 403 613 439 nisi
653 403 881 451 compositum
911 416 929 437 e
958 406 1090 447 Gamo,

385 457 491 499 Gula,
513 456 545 490 8<
568 455 696 500 Viglia,
722 454 804 489 idest
827 453 967 499 Vtgilia.
997 455 1087 487 Nam

384 505 444 542 ets!
485 506 653 541 Latinum
695 505 815 550 Vigilia
852 503 1089 538 convertimus

384 556 422 593 in
461 558 593 602 Veglta‚
622 554 659 590 &
690 556 850 596 Vigilme,
887 554 923 587 in
963 555 1089 599 Veglia-

383 620 437 648 re,
464 616 595 641 veteres
623 613 738 639 tamen
770 604 879 649 Vtglia
905 603 1090 642 dixerunt,

383 658 419 692 ὅ(
448 656 557 690 adhuc
586 655 673 702 apud
705 654 844 688 rusticos
872 653 1090 688 Mutinenses

385 720 425 742 ac
454 705 636 754 Regienses
666 705 776 746 Viglia
811 705 1005 751 appellatur
1036 704 1087 737 Vi-

381 757 467 805 gilia
493 758 627 790 dierum
657 754 836 789 festorum.
865 753 1091 790 Condieban-

385 816 444 842 tur
471 816 585 842 autem
615 804 785 852 majorum
823 804 1014 840 nostrorum
1044 804 1089 839 fa-

386 857 540 893 miliares
570 855 752 903 vigiliae,
793 854 860 890 sive
896 856 925 889 le
963 856 1092 905 nglie‚

387 906 754 946 confabulationibus,
782 906 894 945 ludis,
920 919 957 940 ac
986 906 1094 954 jocis.

386 959 441 995 At
460 971 566 1004 quum
593 956 732 993 accedat
758 957 798 992 ad
824 956 977 1005 vigilias
998 968 1092 991 com-

387 1009 546 1045 meffatio
574 1007 611 1044 &
649 1007 890 1054 compotatio,
927 1016 1010 1042 tunc
1049 1006 1093 1041 il-

386 1059 442 1097 lae
469 1061 661 1107 appellatae
686 1057 775 1092 mihi
800 1058 986 1092 creduntur
1010 1060 1094 1101 Goz-

387 1110 529 1154 zoviglie
551 1134 558 1147 ,
596 1106 687 1156 quast
726 1107 833 1153 Veglie
870 1107 956 1141 della
991 1107 1094 1150 Gula,

389 1160 495 1202 Veglie
522 1159 648 1202 Golose.

337 1208 479 1252 GraffiO.
519 1212 688 1255 Harpago.
717 1207 883 1254 Graffare.
921 1206 1095 1250 Arripere.

389 1259 480 1294 Vide
503 1258 790 1293 Differrationem
815 1258 945 1292 XXVI.
965 1258 1004 1290 de
1023 1257 1096 1291 Mi-

389 1309 464 1341 litia
480 1333 488 1343 .
665 1331 671 1337 .

337 1361 470 1394 Gramo.
498 1357 658 1400 Moestus,
685 1355 808 1400 Miser,
836 1354 971 1397 Infelix.
999 1353 1097 1399 Hinc

386 1408 598 1453 Gramaglia,
636 1407 733 1442 Pulla
769 1405 825 1441 seu
862 1403 1005 1450 luglabrt's
1039 1417 1097 1438 ve-

379 1458 438 1503 stis
453 1485 462 1493 .
491 1457 722 1493 Castelvetrus
743 1455 874 1493 noster,
900 1468 917 1490 a
938 1468 1008 1502 quo
1029 1453 1094 1490 rni-

388 1510 484 1544 nime
523 1508 600 1543 heic
636 1506 817 1542 discedunt
855 1505 1029 1540 Ferrarius
1058 1503 1096 1540 &

386 1558 597 1606 Menagffls,
635 1571 654 1593 a
681 1557 829 1595 Gramiae
865 1555 1024 1595 Latino,
1056 1555 1096 1590 st—

385 1608 576 1658 gnificante
617 1612 787 1655 Lacrymas
831 1606 1095 1654 conglutinatas,

385 1658 530 1694 deduxit
568 1659 656 1694 hanc
694 1670 845 1700 vocem,
882 1655 974 1704 quasi
1012 1660 1094 1692 Gra-

382 1711 495 1751 miosus
541 1709 582 1749 stt
621 1713 813 1753 Lacrymans
850 1706 886 1743 &
932 1707 1094 1750 Moestus.

383 1761 558 1799 Robertus
580 1760 771 1808 Stephanus
796 1759 833 1796 in
855 1757 992 1795 Lexico
1014 1771 1094 1792 ean·

383 1810 460 1846 dem
491 1810 697 1846 sententiam
723 1810 904 1858 amplexus
930 1807 994 1844 est.
1023 1810 1091 1844 Ve—

381 1861 459 1896 tum
487 1861 577 1897 nihil
604 1861 697 1900 aliud
725 1860 866 1899 Latinis
893 1858 986 1895 fuere
1010 1861 1091 1893 Gra-

383 1912 488 1953 miae,
517 1912 577 1948 nifi
607 1913 766 1946 Oculorum
793 1910 941 1957 pituita,
971 1908 1093 1949 Nonio

383 1961 416 1998 δ(
447 1961 543 1997 Festo
569 1962 634 1998 hoc
663 1962 754 2001 idem
784 1959 1011 2001 testantibus,
1036 1959 1093 1995 cui

383 2013 509 2048 morbo
535 2022 606 2046 tam
635 2012 720 2047 felix
747 2025 851 2060 quam
880 2010 1006 2047 infelix
1031 2012 1093 2045 ob-

382 2061 512 2097 noxius
549 2060 611 2096 est.
653 2062 773 2107 Itaque
811 2062 883 2097 veri
921 2060 1094 2101 similius,

382 2123 426 2149 ne
443 2112 555 2145 dicam
577 2119 707 2145 certum
723 2137 732 2153 ,
750 2111 888 2146 videtur
901 2139 910 2151 ,
931 2125 974 2146 ex
997 2112 1091 2145 Teu—

383 2162 507 2198 tonico
535 2163 687 2195 Graemen
724 2158 779 2199 seu
808 2163 966 2203 Gramen,
1000 2160 1092 2209 quod

382 2211 510 2248 Italice
538 2210 636 2245 sonat
665 2210 910 2251 Rammaricarfi
927 2234 936 2249 ,
964 2214 1090 2247 Carruc-

382 2261 501 2302 ciarfi,
539 2261 594 2297 seu
622 2263 760 2296 Moerere
796 2271 854 2295 aut
883 2261 996 2302 Irasci,
1034 2261 1091 2296 de-

382 2311 547 2349 scendifl'e
572 2312 780 2347 vocabulum
801 2314 932 2345 Gmmo.
954 2311 1091 2350 Hicke-

383 2361 448 2397 fius
484 2376 622 2410 quoque
659 2363 749 2398 idem
789 2360 946 2401 censuit,
984 2374 1091 2408 quum

384 2410 422 2448 in
452 2413 601 2461 Linguis
632 2412 834 2448 Borealibus
862 2414 959 2446 Gram
996 2410 1092 2448 sonet

385 2464 515 2503 Iratus,
544 2463 718 2507 Molestus,
747 2465 977 2504 Perturbatus,
1007 2475 1090 2510 qua—

384 2513 433 2552 les
461 2513 576 2560 Miseri
603 2514 667 2549 effe
694 2513 829 2550 solent.

1242 304 1383 351 spazza.
1423 303 1475 340 lta
1507 319 1629 345 vocem
1659 305 1834 342 definiunt
1870 308 1953 341 Flo-

1247 355 1378 390 rentini
1400 356 1627 391 Vocabularii
1649 357 1859 399 Scriptores.
1883 358 1952 393 La-

1247 404 1316 440 tini
1337 408 1450 448 Scopas
1477 407 1673 453 appellant.
1701 410 1841 442 Granate
1861 407 1952 453 (hoc

1247 455 1317 499 est,
1355 456 1540 491 ramusculi
1574 457 1684 502 granis
1713 457 1781 492 five
1811 457 1953 493 semini·

1248 506 1310 540 bus
1338 505 1403 540 suis
1431 505 1613 552 instruEH)
1639 518 1694 550 per
1717 508 1746 540 lo
1771 508 1827 553 pia
1850 507 1879 548 Ιὶ
1901 519 1953 542 ta-

1244 556 1356 601 gliano
1391 558 1421 588 le
1450 555 1557 601 scope,
1596 554 1711 590 subdit
1738 555 1924 604 Menagius
1945 585 1955 601 ‚

1248 605 1421 652 originem
1452 604 1548 639 vocis
1578 603 1609 639 se
1647 605 1811 641 indicasse
1846 607 1954 641 ratio-

1246 667 1291 689 ne
1318 655 1378 690 ista
1407 654 1465 690 fibi
1497 654 1718 703 persuadens.
1753 658 1828 692 Nos
1859 657 1955 702 pla-:-

1139 703 1166 737 B
1249 714 1320 741 tam
1352 705 1495 740 sativam
1526 706 1562 741 in
1591 705 1724 749 hortis,
1753 705 1892 755 speciosi
1920 720 1955 742 a·

1249 755 1383 804 spePtus
1405 783 1414 798 ‚
1452 754 1488 791 ἃ.
1526 756 1566 791 ad
1603 755 1758 792 hominis
1794 756 1955 792 staturam

1250 805 1424 842 interdurn
1456 805 1523 841 sese
1558 808 1787 842 extollentem
1817 807 1955 856 vulgari

1251 855 1405 892 sermone
1431 859 1601 899 Granaxa,
1640 856 1695 892 seu
1722 860 1876 892 Granada
1902 858 1957 892 di-

1250 906 1381 942 cimus.
1420 908 1556 943 Tantae
1591 907 1768 943 interdum
1804 908 1956 955 proceri-

1250 957 1334 992 tatis
1362 957 1432 998 est,
1470 971 1508 992 ac
1536 965 1591 992 tot
1626 958 1771 993 ramulis
1801 957 1956 1002 constat,

1251 1017 1289 1043 ut
1318 1021 1383 1042 una
1413 1006 1535 1042 siccata
1571 1007 1612 1043 ad
1641 1007 1823 1044 vertendas
1859 1008 1958 1043 rusti-

1251 1071 1350 1092 canas
1371 1071 1463 1092 areas
1485 1058 1652 1094 sufficiat.
1678 1060 1795 1106 Atque
1819 1058 1860 1093 iis
1880 1058 1958 1094 sane

1251 1107 1368 1142 rustici
1397 1116 1543 1142 utuntur
1569 1107 1607 1142 in
1636 1108 1714 1153 ipsis
1742 1108 1829 1143 areis
1857 1122 1960 1143 mun-

1135 1158 1181 1195 C'
1251 1156 1397 1191 dandis.
1435 1159 1536 1202 Quae
1572 1170 1590 1191 a
1618 1156 1767 1203 Gaspare
1797 1158 1958 1193 Bauhino

1253 1208 1447 1254 appellatur
1462 1206 1599 1241 Linaria
1618 1208 1787 1253 Scoparia‚
1808 1207 1862 1242 seu
1881 1209 1960 1241 Bel-

1251 1259 1362 1290 vedere
1388 1257 1425 1291 in
1452 1255 1604 1299 Tuscia,
1633 1256 1701 1292 five
1727 1257 1958 1303 Chenopodimn

1252 1306 1332 1339 Lim·
1361 1305 1440 1347 folio
1474 1305 1588 1347 villoso
1623 1305 1713 1352 apud
1742 1306 1959 1342 Tournefor-

1252 1354 1367 1397 tium,
1404 1352 1550 1388 fortaffis
1578 1353 1666 1388 hanc
1696 1353 1797 1390 nobis
1824 1356 1959 1392 indicat

1252 1404 1430 1451 plantam.
1470 1405 1566 1441 Num
1595 1404 1784 1446 Granatenli
1819 1418 1862 1441 ex
1892 1408 1961 1441 Ur-

1252 1454 1294 1489 be
1331 1455 1448 1502 planta
1488 1453 1571 1490 haec
1607 1454 1648 1490 ad
1685 1468 1749 1490 nos
1790 1455 1960 1496 adveSia,

1252 1517 1380 1540 nomen
1406 1504 1488 1540 inde
1513 1504 1670 1551 accepit?
1699 1508 1784 1541 Rem
1810 1506 1960 1543 indicas-

1253 1554 1285 1591 se
1313 1565 1520 1600 contentus‚
1548 1555 1640 1591 nihil
1668 1555 1824 1591 affirmo.

1137 1607 1181 1645 ,D'
1201 1609 1384 1651 Grappare.
1413 1606 1508 1642 Idem
1538 1615 1641 1653 atque
1668 1607 1832 1653 Graffare.
1857 1608 1959 1642 Arri-

1248 1667 1338 1703 pere.
1376 1656 1468 1692 Vide
1506 1656 1792 1696 Differtationem
1825 1660 1957 1694 XXVI.

1251 1710 1290 1742 de
1316 1707 1466 1742 Militia.

1200 1759 1379 1805 Grappolo.
1414 1761 1568 1793 Racemus
1595 1771 1699 1793 uvae.
1730 1759 1843 1794 Verba
1880 1760 1958 1793 Me-

1252 1807 1349 1856 nagii
1377 1806 1478 1842 sunt:
1519 1808 1669 1853 Fortaffis
1697 1809 1738 1844 ab
1764 1808 1829 1852 ipso
1857 1812 1958 1842 Race-

1250 1871 1316 1895 mo.
1338 1862 1512 1898 Rmmus,
1535 1861 1698 1903 Racepus,
1720 1862 1854 1903 Rapus,
1875 1861 1959 1893 Gra·-

1247 1919 1307 1958 pus
1335 1908 1406 1947 ὡς.
1443 1907 1560 1946 Ludat
1597 1921 1635 1942 ac
1671 1907 1886 1948 harioletur‚
1917 1917 1957 1945 ut

1251 1959 1351 2001 vult,
1377 1956 1433 1992 vir
1452 1957 1596 1999 doRus,
1620 1957 1722 1995 fidem
1750 1957 1827 1993 sane
1848 1972 1865 1993 a
1893 1972 1957 1994 no-

1251 2009 1305 2044 bis
1346 2020 1415 2042 non
1453 2007 1681 2055 impetrabit.
1718 2008 1959 2053 Quemadmo-

1121 2055 1168 2096 ³E
1251 2058 1332 2093 dum
1364 2058 1444 2093 Itali
1474 2061 1599 2104 Grappo
1613 2082 1623 2097 ,
1654 2059 1770 2105 Graspe
1785 2086 1795 2100 .,
1827 2060 1931 2104 Raspo
1946 2084 1955 2098 ‚

1252 2108 1288 2146 ὃς
1319 2109 1474 2155 Grappolo
1510 2109 1653 2151 dicunt,
1689 2108 1741 2144 ita
1772 2109 1885 2144 Gallis
1922 2111 1956 2145 δε

1251 2159 1381 2207 Anglis
1407 2162 1513 2203 Grape
1539 2159 1576 2194 in
1605 2158 1662 2194 usu
1691 2158 1756 2195 est.
1790 2161 1824 2194 A
1853 2163 1956 2195 Trau-

1251 2212 1286 2246 be
1313 2209 1546 2251 Germanico,
1583 2209 1645 2244 nisi
1682 2208 1830 2258 forcipes
1859 2208 1957 2246 adhi-

1252 2260 1357 2302 beas,
1399 2273 1467 2294 non
1505 2259 1643 2296 trahas.
1685 2261 1777 2296 Dum
1816 2258 1955 2306 propior

1250 2310 1351 2358 origo
1372 2309 1403 2346 se
1423 2310 1568 2353 offerat,
1595 2309 1755 2357 suspicari
1776 2309 1852 2355 quis
1877 2307 1953 2353 pos-

1250 2359 1312 2398 fit.
1341 2359 1613 2408 antiquiffimam
1638 2360 1725 2394 hanc
1746 2359 1809 2394 effe
1830 2369 1950 2395 vocem

1250 2409 1412 2446 Italicam
1450 2421 1509 2446 aut
1545 2411 1717 2445 Gallicam
1741 2433 1751 2449 ‚
1787 2420 1874 2453 quae
1910 2410 1951 2443 ab

1251 2473 1318 2496 una
1341 2460 1378 2496 in
1404 2463 1547 2496 alteram
1572 2467 1707 2507 gentem
1732 2456 1853 2504 illapsa
1878 2456 1951 2494 fue-

1249 2511 1318 2550 rit.
1345 2511 1440 2546 Idem
1463 2511 1556 2549 dicas
1578 2508 1619 2542 de
1641 2507 1778 2554 Chaspo,
1807 2507 1842 2541 Si
1867 2509 1952 2552 quid

1800 2565 1901 2594 vetu-
