2169 3047
247 275 316 309 lam
330 299 340 314 ‚

246 326 281 360 δε
302 329 380 360 Crus
393 352 400 360 .
419 323 568 359 Videtur
587 324 699 370 Poples
719 325 930 360 Latinorum
945 352 954 361 .

246 377 345 411 Haec
381 388 456 422 pars
492 377 594 409 Lacca
629 375 825 422 appellata,
862 376 954 422 quod

246 437 400 460 concava
431 423 493 467 fit,
522 434 626 472 atque
662 424 748 460 adeo
776 438 818 461 ex
848 439 956 475 nuper

243 483 440 510 memorato
468 473 566 510 fonte
593 474 790 515 descendit,
818 475 885 511 hoc
912 477 956 512 est

244 537 263 560 e
300 527 505 560 Teutonum
542 525 705 574 Lingua.
742 527 801 562 Ab
837 531 954 567 Anca,

245 578 376 617 Lama,
413 580 534 614 Lacca,
563 589 625 625 pro
655 576 715 611 suo
750 590 846 613 more
876 580 953 613 Me—

245 625 369 675 nagius
406 626 586 668 trahebat.
624 627 690 662 hoc
727 627 771 662 est
809 627 955 665 miscens

247 677 414 724 quadrata
446 677 626 712 rotundis.

194 727 369 774 Lagnarfi.
398 728 602 767 Lamentari,
631 729 765 764 Dolere.
800 730 953 766 Verbum

245 777 408 813 obscurae
428 778 596 826 originis.
617 781 739 827 Neque
760 780 852 815 enim
875 783 954 816 Me-

243 828 368 877 nagius
399 842 551 876 unquam
584 830 685 865 nobis
717 830 954 878 persuadebit,

247 888 305 914 aut
334 892 353 914 a
380 883 589 923 Lamentmn,
615 889 674 916 aut
702 882 743 915 ab
768 881 954 924 inufitam.

245 928 330 964 idest
371 929 546 966 somniate
599 935 742 970 Lumen,
785 932 954 968 effluxisse

246 979 336 1015 hanc
357 993 499 1016 vocem.
524 983 604 1016 Non
628 981 812 1030 spernenda
838 994 954 1018 tamen

246 1031 397 1067 ferrarii
434 1032 580 1080 opinio,
609 1046 626 1067 a
664 1035 728 1067 Lai
764 1033 953 1068 trahentis.

244 1081 351 1117 Addo
397 1095 488 1130 ego,
537 1083 813 1130 perpendendum
863 1083 926 1117 effe
945 1110 953 1122 ,

244 1144 326 1166 num
357 1145 374 1166 a
404 1132 537 1167 Latino
577 1133 716 1166 Laniare
737 1133 773 1174 se
798 1142 875 1177 prae
900 1134 948 1166 do-

242 1182 305 1214 lare
326 1180 491 1215 emerfiffe
517 1181 672 1227 potuerit
698 1181 862 1216 Italicum
890 1185 951 1217 La-

238 1230 373 1278 gnarst‘.
413 1233 447 1266 A
485 1233 581 1265 cruse
617 1245 756 1279 quoque
794 1232 952 1268 efforma-

243 1291 320 1316 tum
358 1280 426 1315 fuit
464 1283 661 1327 Excruciarel
682 1285 736 1326 se,
764 1283 954 1324 Crucctarsi.

243 1329 450 1376 Utrumque
487 1329 679 1377 fignificat,
703 1334 851 1377 graviter
882 1334 954 1366 ani—

244 1393 291 1414 mo
316 1381 436 1414 dolere.

192 1431 298 1464 Laida
309 1457 317 1464 .
334 1431 452 1474 Turpis
461 1454 471 1470 ,
488 1430 665 1473 Inhonestus
676 1458 686 1474 ‚
698 1434 823 1467 Foedus
833 1458 841 1467 .
855 1434 952 1468 Non-

244 1480 337 1516 nulli
366 1480 572 1516 descendisse
601 1490 725 1529 putant
757 1496 775 1517 a
801 1484 952 1528 Turpion—

245 1532 356 1566 latus:
393 1532 568 1567 Ferrarius
604 1532 647 1566 ab
684 1532 840 1567 Illautus.
868 1535 950 1578 Ety-

244 1582 421 1630 mologiae
451 1596 521 1617 non
548 1581 728 1618 ferendae.
763 1583 855 1618 Illud
884 1596 955 1618 cer-

245 1641 320 1668 tum
337 1660 346 1676 ,
370 1646 388 1668 e
414 1634 556 1669 Gallico
582 1634 666 1667 Laid
693 1646 755 1668 nos
781 1633 953 1669 efformas-

245 1682 279 1718 se
306 1683 456 1718 nostrum
493 1683 611 1719 Laida.
649 1683 869 1720 Mutinenses
898 1684 953 1719 ad—

244 1733 312 1768 huc
353 1734 477 1769 dicunt
516 1736 606 1769 Led.
648 1735 828 1770 Gallicum
870 1735 958 1769 Laid

243 1785 479 1832 Du—Cangius
504 1798 526 1819 ¹a
549 1785 641 1819 Lada
669 1782 706 1820 &
733 1787 859 1820 Ladare
886 1793 954 1820 tra·
987 1816 988 1819 ,

243 1834 322 1876 hit,
350 1848 453 1882 quem
491 1835 593 1870 vide.
629 1836 659 1869 E
691 1835 951 1883 septentriona-

242 1884 336 1920 libus
380 1885 522 1933 Populis
560 1884 713 1933 profeffla
750 1885 810 1921 ista
836 1886 953 1927 ,etiam

243 1948 316 1971 vox
345 1936 434 1971 mihi
471 1935 643 1971 creditur.
672 1936 778 1984 Apud
816 1937 952 1972 Hicke-

243 1985 327 2022 fiurn
356 1985 450 2022 inter
477 1999 579 2022 voces
616 1995 773 2022 veterum
803 1989 953 2023 Franco-

243 2050 321 2072 rum
349 2050 387 2071 ac
409 2038 612 2072 Teutonum
642 2037 836 2072 recensetur
859 2039 952 2081 Lm',

243 2088 347 2131 Leid,
370 2087 589 2130 Detestabilis.
610 2088 840 2124 Germanicae
866 2102 951 2136 quo-

243 2151 312 2187 que
341 2137 501 2186 Linguae
538 2138 582 2173 est
618 2139 755 2185 Leidig,
783 2143 849 2174 Res
885 2150 952 2172 mr-

239 2190 315 2235 pis,
344 2189 487 2235 ingrata.
518 2191 593 2228 En,
621 2199 660 2224 ut
689 2200 796 2238 puto,
820 2189 952 2225 radices

243 2239 432 2275 Francicae
469 2240 566 2275 vocis
602 2239 710 2283 Laid,
739 2248 842 2287 atque
880 2240 952 2275 Ita—

243 2290 312 2325 lice
333 2290 452 2325 Laida.
470 2291 509 2324 In
531 2289 691 2324 Rhabani
713 2290 831 2325 Mauri
849 2289 952 2325 Glos-

243 2339 285 2375 fis
323 2339 524 2375 Theotiscis
559 2339 798 2380 Abominatur,
830 2341 951 2376 Laida-

244 2391 314 2436 zit.
353 2391 443 2426 Vide
480 2390 585 2426 etiam
625 2390 858 2433 Schiherum,
889 2391 951 2438 qui.

244 2442 357 2477 multa
385 2440 425 2475 de
452 2441 515 2477 hac
543 2453 628 2477 voce
664 2441 701 2477 in
729 2441 789 2478 suo
815 2441 951 2477 Gloss'a-

246 2489 301 2525 rio
327 2490 450 2527 habet.

196 2544 324 2589 Largo.
360 2544 486 2578 Latus.
528 2541 620 2580 Vide
659 2543 810 2591 quaeso,
846 2542 950 2591 quam

298 2594 385 2629 Tam.
414 2595 468 2628 VI.

542 212 908 258 DISSERTATJO
939 210 1358 260 TRJGESJMATER
1366 212 1464 255 TJA
1476 243 1486 255 .

369 281 456 323 quae
492 273 535 308 est
563 272 680 308 subtus
717 273 809 309 inter
839 278 955 309 coxam
998 279 1029 313 A

996 1187 1024 1219 C
1119 1181 1259 1227 linquere
1272 1208 1281 1225 ,

1694 218 1779 261 866
1838 257 1842 261 .

1123 273 1225 321 longe
1263 284 1280 306 a
1309 270 1440 306 Latina
1477 270 1731 319 significatione
1768 291 1831 314 vo-

1123 323 1172 358 cis
1210 323 1311 370 hujus
1348 320 1476 357 abierit
1517 322 1658 371 Lingua
1694 328 1832 370 nostra.

1122 387 1210 422 quae
1249 385 1319 407 non
1361 371 1433 408 alio
1475 372 1588 408 utitur
1631 378 1802 414 vocabulo
1819 407 1830 423 ,

1121 426 1226 473 quam
1247 427 1374 469 Largo,
1390 423 1431 458 ad
1452 422 1716 471 designandum,
1737 431 1831 476 quod

1122 474 1264 511 Latinis
1300 477 1419 509 Latum
1455 473 1544 513 fuit,
1573 475 1715 512 Latinis
1751 484 1831 517 veri)

1122 529 1274 573 Largus,
1311 534 1385 560 erat
1419 525 1591 572 Copiosus‚
1627 528 1833 576 Abundans,

1122 576 1306 612 Liberalis.

1072 627 1237 672 Lasciare.
1261 627 1503 674 Derelinquere‚
1525 628 1713 666 Dimittere.
1739 633 1834 668 Nul-

1122 679 1154 713 la
1177 677 1266 713 mihi
1292 677 1470 713 dubitatio
1490 678 1555 722 est,
1581 680 1667 727 quin
1692 695 1734 717 ex
1759 686 1833 719 La-

1002 732 1028 765 E
1122 728 1277 764 tinorum
1306 733 1432 763 Laxare
1458 729 1622 765 emerfiffe
1650 734 1840 779 potuerit„

1122 787 1161 815 ut
1181 779 1370 828 Menagius
1391 779 1546 824 censuit,
1566 781 1728 817 Italicum
1751 785 1834 830 Las-

1114 830 1210 875 sare:
1229 831 1263 865 8<
1290 843 1308 865 a
1328 833 1452 865 Laxum
1464 855 1474 870 ‚
1495 831 1652 876 Lamiam,
1680 834 1834 871 nostrum

1120 881 1289 925 Lasciare.
1331 884 1502 917 Attamen
1550 895 1656 929 quum
1705 885 1832 929 Latini

1120 932 1217 966 verbi
1246 935 1354 970 Lam,
1382 931 1404 965 fi
1433 931 1501 967 rite
1538 934 1749 981 perpendas,
1777 936 1833 971 di-

1121 981 1217 1017 versa
1243 981 1283 1017 fit
1303 981 1513 1030 significatio
1537 984 1578 1018 ab
1601 984 1728 1020 Italico
1755 999 1834 1022 ver-

1120 1032 1164 1067 bo
1203 1031 1329 1078 Laffare
1365 1031 1403 1068 ὃς
1442 1034 1614 1078 Lasciare:
1651 1046 1832 1084 propterea

1119 1082 1332 1122 videndum,
1359 1097 1400 1118 an
1431 1085 1548 1131 potius
1575 1098 1593 1120 e
1621 1087 1832 1123 Germanica

1119 1143 1206 1166 voce
1226 1131 1338 1177 Laffen
1351 1160 1360 1173 ,
1382 1132 1598 1179 significante
1618 1137 1748 1179 Sinere,
1766 1142 1836 1172 Re-

1330 1183 1501 1216 Diminere
1545 1186 1614 1218 &a
1662 1187 1834 1232 prodierit

1119 1231 1269 1267 nostrum
1295 1232 1460 1277 Lasciare.
1483 1233 1566 1280 Ejus
1592 1234 1753 1283 Linguae
1774 1250 1836 1273 ve-

1118 1282 1338 1318 tustiffirnum
1366 1283 1510 1317 verbum
1538 1283 1583 1318 est
1607 1285 1741 1331 Laffin‚
1767 1292 1834 1323 La-

1119 1345 1199 1375 zen,
1228 1331 1281 1366 uti
1310 1333 1470 1377 exempla
1498 1346 1515 1366 a
1550 1334 1724 1378 Schiltero
1753 1352 1834 1385 pro-

1118 1380 1221 1415 duffia
1256 1380 1460 1416 ostendunt.
1497 1384 1614 1428 Quare
1652 1385 1732 1421 inde
1770 1401 1833 1424 nos

1118 1429 1366 1475 verisimilius,
1395 1433 1498 1479 quaxn
1538 1447 1555 1469 a
1594 1436 1757 1477 Latinis,
1785 1438 1834 1474 il-

1117 1481 1177 1518 lud
1206 1482 1459 1530 acceperimus.
1490 1485 1542 1520 De
1567 1486 1711 1522 Gallico
1735 1489 1833 1535 Lais-

1113 1533 1164 1577 ser
1187 1532 1279 1567 idem
1306 1532 1512 1568 dicendum.
1539 1536 1695 1584 Antiqui
1723 1542 1832 1576 Fran-

1119 1582 1151 1617 ci
1179 1582 1260 1618 teste
1289 1581 1460 1618 Hickefio
1491 1583 1654 1621 dicebant
1685 1591 1831 1636 Laazer.

999 1633 1028 1665 D
1067 1632 1202 1675 Lustra.
1240 1633 1341 1677 Lapis
1374 1633 1465 1680 saepe
1501 1637 1695 1681 quadratus,
1725 1640 1767 1673 (9⁶
1796 1641 1832 1675 in

1110 1681 1275 1729 superficie
1299 1684 1435 1730 planus.
1468 1685 1661 1727 Lustricam
1689 1691 1831 1735 Lapidi-

1116 1735 1173 1768 bus
1208 1737 1371 1768 Sternere.
1408 1735 1642 1773 Hariolantur
1678 1739 1710 1774 8(
1749 1740 1828 1777 heic

1115 1783 1425 1832 Etymologiarum
1455 1796 1658 1824 venatores.
1697 1791 1732 1825 A
1760 1795 1831 1826 La-

1112 1835 1163 1880 pis
1192 1834 1402 1884 Menagius:
1432 1849 1450 1872 a
1484 1838 1688 1884 Latastrum,
1716 1854 1735 1876 a
1764 1854 1829 1877 vo-

1116 1885 1241 1921 cabulo
1287 1898 1412 1935 nempe
1458 1888 1623 1925 omnibus
1672 1889 1798 1939 ignoto
1816 1918 1827 1937 ,

1116 1935 1313 1971 Ferrarius:
1345 1950 1362 1972 a
1390 1938 1490 1983 Lapis
1517 1942 1647 1975 Stratus
1677 1943 1828 1979 Carolus

1116 1986 1224 2025 Dati,
1255 1987 1327 2034 ejus
1363 1987 1537 2036 originem
1575 1989 1637 2027 fibi
1674 1991 1827 2030 finxere.

1115 2038 1212 2072 Inter
1252 2049 1355 2073 voces
1395 2040 1625 2076 Germanicae
1666 2042 1828 2092 Linguae

1115 2086 1343 2136 primigenias
1380 2088 1424 2124 est
1458 2090 1617 2134 Pflasler‚
1654 2092 1747 2128 idem
1785 2094 1830 2129 fi-

1114 2137 1284 2185 gnificans
1312 2151 1352 2173 ac
1389 2138 1554 2175 Italicum
1591 2142 1728 2186 Lustra,
1756 2145 1829 2178 Sel-

1113 2188 1216 2227 tiata,
1260 2188 1350 2224 unde
1391 2189 1586 2235 Pflasteren,
1627 2193 1826 2235 Lustricare.

1114 2237 1316 2287 Deperditis
1357 2238 1488 2275 duabus
1530 2241 1656 2289 primis
1692 2244 1827 2282 Literis

1113 2292 1185 2324 PF.
1212 2302 1274 2325 nos
1301 2289 1497 2339 euphoniae
1530 2292 1742 2330 dulciorisve
1769 2295 1825 2331 so-

1032 2344 1038 2574 l
1113 2339 1152 2375 ni
1188 2341 1320 2389 gratia,
1357 2341 1490 2383 Lastra,
1522 2351 1560 2377 ut
1595 2344 1743 2391 opinor,
1771 2345 1822 2381 ef-

1113 2389 1363 2427 formavimus.
1385 2393 1558 2439 Agnellus
1579 2394 1735 2442 Scriptor
1754 2398 1822 2431 Rc,-

1113 2453 1241 2479 vennas
1270 2444 1377 2478 Anno
1405 2442 1534 2479 Christi
1572 2446 1821 2483 DCCCXXX.

1111 2491 1149 2528 in
1187 2491 1285 2528 Vitis
1324 2492 1536 2529 Pontificum
1576 2498 1819 2532 Ravennatum

1112 2544 1219 2579 Tom.
1256 2543 1303 2579 ΙΙ.
1333 2545 1424 2580 Part.
1454 2545 1481 2580 1.
1516 2558 1594 2595 pag.
1631 2547 1711 2582 106.
1742 2549 1819 2585 Rer.

1179 2593 1196 2626 1
1222 2592 1236 2628 i
1263 2592 1277 2627 i
1697 2598 1770 2633 Ita-
