2169 3047
402 274 486 315 ,μς
677 257 1113 316 ANTJQJHT.
1165 257 1418 315 MEDII
1463 260 1657 305 AEVJ

1829 243 1883 320 ᾖ
1891 274 1918 310 6

347 315 450 353 Urbe
479 316 657 354 interdum
685 319 818 355 caussae
855 320 996 354 auditae
1034 318 1114 354 sunt
1144 322 1179 357 A
1212 320 1304 360 tina,
1342 321 1397 355 vel
1431 324 1572 365 Graeci,
1605 322 1663 367 sed
1696 320 1792 358 etiam
1830 325 1976 370 Punica,

347 370 481 405 Graeco
510 369 684 405 sermone.
724 370 820 405 Idem
862 369 923 406 diu
951 369 1112 406 observa·

346 421 505 456 tum'<&
547 421 589 456 ab
629 421 709 469 aliis
751 420 1113 472 populis.f³³A'udi·fis

348 485 441 508 nunc
469 471 634 508 Santstum
669 470 929 518 Hieronymum
971 472 1114 508 circiter

347 524 495 558 Annum
533 523 601 558 Ch.
639 526 724 570 388.
766 523 808 558 de
845 524 974 558 Galatis
1012 523 1113 559 Asiae

348 573 488 621 populis
510 574 711 620 loquentem
735 573 772 608 in
794 572 942 609 Praefat.
961 573 1014 608 ads
1029 573 1112 609 Lib.

348 625 396 659 ΙΙ.
424 624 460 659 in
489 623 594 671 Epist.
622 623 662 659 ad
699 624 863 659 Galatas.
899 624 1112 670 Maffilienses

349 674 402 709 ait
439 675 631 722 appellatos
667 687 687 709 a
724 672 882 709 Varrone
912 676 1112 722 trilingues,

349 726 432 771 quod
458 724 504 762 ἔφ’
532 728 646 760 Graece
673 725 841 771 loquantur
857 752 867 768 ,
895 724 941 762 &⁰
970 720 1113 769 Latine,

349 775 394 808 (9¹
420 775 562 811 Gallice.
591 774 684 810 Infra
713 774 837 819 addit,
864 776 1002 811 Galatas
1030 775 1112 823 (ex—

347 835 432 869 cepto
456 826 591 869 sermone
616 827 756 865 Graeco,
793 829 852 872 quo
878 826 978 861 omnis
1003 827 1114 861 Oriens

347 876 527 925 quuitur)
569 878 734 923 Propriam
776 878 937 923 Linguam
976 879 1114 912 eamdem

346 938 445 974 paene
469 927 598 967 babere,
625 929 718 975 quam
740 928 908 963 Treuiros.
936 931 1001 963 Ne:
1020 929 1113 972 reser-

349 991 403 1021 τε,
435 977 466 1019 fi
492 979 603 1026 aliqua
629 979 741 1012 exinde
766 980 986 1025 corruperint;
1021 993 1115 1026 quum

350 1029 395 1062 (9⁴
421 1028 519 1073 ,Α’[νί
544 1028 731 1064 Phoenicum
765 1029 927 1076 Linguam
963 1031 1116 1064 nonnulla

350 1093 386 1113 ex
410 1089 501 1123 parte
527 1080 753 1114 mutaverint:
779 1078 824 1117 &¹
854 1080 921 1126 ipsa
948 1080 1116 1115 Latinitas

351 1128 399 1167 (⁷9⁶
427 1129 605 1176 regionibus
630 1130 769 1175 quotidie
795 1140 931 1164 mutetur
963 1129 1009 1177 ψ’
1037 1141 1115 1165 tem-

347 1191 440 1228 pore.
469 1180 504 1215 Si
532 1179 763 1216 Massilienses
793 1193 862 1214 non
892 1181 1009 1215 Latine
1038 1191 1114 1215 tan-

1211 374 1264 406 vel
1288 372 1462 407 'Gallt‘cand
1477 397 1487 412 ,
1523 374 1577 408 vel
1604 374 1737 408 alterius
1763 374 1978 423 cujuscumque

1207 423 1341 470 gemis.
1392 424 1482 459 Auli
1524 437 1665 472 quoque
1715 424 1841 462 Gellii‘
1872 426 1979 462 verba

1211 474 1374 510 omnibus
1409 475 1649 523 perpendenda
1685 474 1846 524 profero.
1883 477 1978 513 Scri-

1212 524 1265 559 bit
1299 524 1363 560 ille
1399 524 1482 574 Lib.
1512 526 1573 561 xl.
1600 528 1688 574 Cap.
1717 529 1800 562 V11.
1839 530 1976 563 Roma-

1212 587 1294 610 num
1331 575 1518 622 quemdam
1557 577 1746 612 caussarum
1786 587 1974 624 patronum

1212 625 1404 665 celebrem,
1433 625 1464 660 se
1492 625 1679 665 audiente,
1707 625 1875 663 obsoletis
1896 630 1978 675 qui-

1213 674 1351 710 busdam
1375 674 1522 712 vocibus
1547 676 1636 724 apud
1660 676 1875 712 Praefeaum
1899 678 1978 714 Ur-

1213 725 1264 761 bis
1292 725 1392 761 fuiss‘e
1419 726 1540 771 usum,
1583 740 1671 775 quae
1709 727 1825 776 primo
1861 727 1978 776 stupo-

1186 793 1188 798 ¹
1211 789 1282 811 rem
1296 800 1307 815 ,
1327 785 1402 812 tum
1424 776 1530 813 risum
1552 777 1594 814 ab
1616 777 1836 814 auditoribus
1856 788 1978 815 extor-

1212 826 1305 863 sere.
1341 827 1542 874 Aspexerunt
1561 856 1571 873 ,
1608 828 1752 876 inquit,
1790 842 1893 864 omnes
1921 829 1977 877 qui

1211 881 1345 913 aderant
1363 879 1448 912 alius
1470 880 1593 922 alium,
1617 881 1718 926 primo
1736 880 1885 922 tristiores
1903 890 1974 914 tur·-

1212 929 1283 963 hato
1303 933 1346 962 Ε9·
1370 929 1543 976 requt'rente
1565 935 1683 969 vultu,
1711 931 1864 976 quidnam
1892 931 1976 965 illud

1211 979 1370 1025 utriusque
1395 980 1488 1014 verbi
1509 980 1610 1024 foret.
1637 980 1709 1022 Post
1735 980 1870 1023 deinde,
1895 993 1975 1026 qua-

1205 1029 1236 1070 st
1273 1029 1368 1074 nescio
1393 1030 1472 1076 quid
1498 1030 1593 1075 Tusce
1628 1040 1686 1066 aut
1716 1030 1839 1065 Gallice
1873 1030 1978 1075 dixis-

1205 1080 1275 1124 set,
1303 1079 1444 1120 universi
1470 1081 1623 1125 riserunt.
1662 1080 1760 1117 Hinc
1788 1080 1894 1116 etiam
1913 1108 1923 1125 ‚
1951 1079 1976 1116 si

1210 1129 1295 1176 quid
1334 1129 1465 1174 video,
1502 1130 1652 1166 ediscere
1691 1131 1888 1177 possumus,
1919 1130 1978 1167 vi·

1210 1188 1314 1214 vente
1342 1179 1417 1228 ipso
1446 1182 1492 1215 A.
1520 1182 1669 1223 Gellio,
1708 1180 1776 1216 five
1805 1181 1977 1230 Agellio,

349 1231 450 1273 tum.
493 1230 547 1266 sed
585 1232 618 1265 8<
646 1231 769 1264 Gallice
797 1231 1062 1279 loquebantur3
1091 1230 1114 1265 fi
1144 1228 1179 1267 C
1209 1242 1279 1265 non
1307 1231 1466 1265 Gallicam
1494 1231 1742 1266 tantummodo
1770 1231 1974 1278 Linguam,

349 1281 527 1330 Linguam
551 1281 726 1330 propriam
752 1280 928 1317 servavere
944 1283 1115 1321 Galatae,

349 1330 537 1367 Celtarum
566 1342 726 1367 veterum
765 1332 927 1373 soboles,
965 1344 1115 1379 eumque

350 1382 545 1418 sermonem
574 1382 795 1425 retinebant,
823 1394 894 1429 quo
921 1381 1115 1416 Treviren—

350 1432 399 1469 ses
428 1432 644 1478 Hieronymi
673 1445 760 1467 aevo
788 1433 999 1467 utebantur:
1030 1444 1116 1466 con-

349 1483 492 1532 sequens
523 1483 588 1525 est,
633 1495 675 1517 ne
702 1495 744 1517 eo
771 1481 914 1528 quidem
957 1491 1115 1528 tempore

346 1533 516 1570 vetustam
538 1532 723 1569 Gallorum
747 1533 926 1580 Linguam
955 1531 1114 1567 interiis-

346 1584 400 1624 se,
439 1584 494 1621 uti
533 1596 644 1631 neque
683 1582 772 1631 apud
812 1582 921 1618 Afros
961 1581 1115 1618 Phoeni-

347 1649 425 1671 cum
449 1635 650 1683 Linguam,
672 1646 760 1682 quae
781 1633 874 1669 nihil
896 1633 990 1669 aliud
1008 1646 1113 1681 quam

346 1688 480 1722 Punica
508 1685 600 1729 fuit,
642 1684 696 1720 uti
736 1684 808 1733 post
836 1684 925 1720 alios
964 1683 1114 1719 ostendit
1144 1680 1179 1715 D

344 1736 527 1773 Salmasius
563 1735 600 1771 in
639 1734 731 1770 Plin.
773 1735 929 1771 Exercit.
974 1734 1113 1770 Αυέὶοι·

344 1791 429 1823 vero
450 1787 494 1822 est
516 1785 663 1828 Caesar,
691 1794 850 1832 tempore
871 1785 934 1830 su'o
952 1786 1111 1821 Ga‘lliam

345 1840 384 1874 in
412 1847 481 1873 tres
509 1846 621 1884 partes
648 1835 747 1871 fuiffe
774 1836 921 1871 divisam
938 1864 948 1881 ,
977 1836 1113 1872 scilicet

345 1889 492 1937 Belgas,
520 1888 640 1923 Celtas
667 1886 736 1922 five
757 1887 880 1921 Gallos
899 1913 908 1929 ,
936 1888 968 1921 &
994 1887 1109 1935 Aqui-

344 1949 446 1974 tanos
463 1965 471 1973 .
499 1939 547 1973 Hi
574 1950 696 1976 omnes,
724 1937 797 1976 ait,
825 1939 1030 1976 LINGUA‚
1060 1939 1112 1972 in-

337 1989 487 2034 stitutis,
514 1989 635 2034 legibus
662 1988 744 2021 inter
761 1987 791 2029 se
811 1988 987 2034 differunt.
1020 1987 1109 2023 Lin-

344 2053 494 2088 guae—ne
523 2039 602 2075 istae
631 2037 786 2074 Dialeai
815 2038 918 2074 unius
948 2037 1109 2087 Linguae

344 2090 499 2134 fuerint,
538 2103 581 2125 an
609 2088 743 2125 diversa
781 2090 882 2138 plane
908 2089 1108 2133 idiomata,

344 2154 415 2177 non
444 2141 580 2189 liquet.
607 2140 752 2176 SanRus
779 2153 919 2187 quoque
946 2139 1108 2176 lrenaeus
1144 2126 1185 2165 E*

344 2193 468 2227 Seculo
512 2194 556 2227 11.
603 2193 718 2226 Acrae
763 2190 983 2226 Christianae
1026 2195 1108 2225 Lin-

342 2256 440 2289 guam
468 2243 633 2277 barbaram
663 2241 861 2290 appellabat
887 2242 925 2277 in
960 2241 1107 2277 Praefat.

345 2293 387 2327 ad
415 2292 543 2328 Libros
571 2291 647 2327 suos
664 2318 674 2335 ‚
716 2291 893 2340 Linguam
922 2293 1104 2328 Celtarum

344 2342 624 2389 Lugdunensium.
653 2342 742 2390 apud
769 2355 856 2388 quos
884 2342 954 2390 ipse
993 2342 1106 2378 versa·

343 2393 466 2429 batur.
511 2392 585 2428 Post
624 2392 788 2428 Sannum
830 2392 1010 2428 Irenaeum
1040 2393 1106 2428 flo-

343 2444 415 2479 ruit
443 2443 623 2491 Ulpianus
649 2442 708 2478 sub
730 2445 856 2478 Severo
878 2444 1103 2480 Alexandro.

341 2495 427 2543 Ejus
456 2504 572 2530 autem
602 2493 702 2529 verba
745 2493 824 2530 sunt
852 2494 889 2529 in
921 2494 944 2529 1.
975 2496 1037 2529 XI.
1063 2495 1105 2530 de

341 2544 486 2594 Legatis
525 2544 591 2581 ΠΙ.
633 2542 882 2590 Fideicommiffa
921 2557 1106 2591 quocumque

337 2597 474 2640 sermone
500 2595 639 2643 relinqui
659 2593 782 2643 pvffivm
796 2608 816 2639 ς
842 2608 901 2631 non
916 2595 1019 2642 solum
1039 2598 1106 2632 La-

1209 1279 1264 1315 sed
1291 1281 1325 1316 &
1354 1281 1512 1326 Tuscum,
1549 1281 1760 1329 superstitem
1802 1281 1839 1317 in
1871 1281 1977 1317 ltalia

1209 1330 1333 1374 fuiss'e,
1372 1332 1422 1366 ita
1460 1341 1499 1366 ut
1527 1345 1634 1379 quum
1673 1332 1733 1380 ipfi
1772 1331 1866 1368 inter
1903 1334 1976 1366 Ro-

1210 1393 1332 1415 manos
1359 1380 1489 1416 eruditi
1517 1381 1743 1418 Causidicum
1781 1383 1884 1418 illum
1915 1395 1977 1418 au-

1209 1430 1326 1466 dirent
1367 1431 1601 1468 insolentibus
1638 1442 1742 1480 atque
1779 1432 1975 1481 incognitis

1209 1482 1392 1516 vocabulis
1432 1493 1675 1528 perorantem,
1710 1482 1773 1518 fibi
1812 1483 1873 1517 visi
1911 1482 1978 1518 sint

1210 1530 1329 1566 audire
1349 1532 1480 1567 Gallum
1507 1532 1709 1580 quempiam
1724 1559 1734 1575 ‚
1762 1540 1822 1567 aut
1843 1533 1978 1576 Tuscum

1211 1583 1441 1630 loquentem,
1469 1582 1535 1618 hoc
1563 1583 1607 1619 est
1634 1583 1819 1631 peregrina,
1837 1582 1979 1631 Lingui

1211 1634 1316 1668 verba
1351 1632 1564 1670 facientem.
1604 1636 1657 1669 De
1694 1633 1845 1682 Linguis
1883 1646 1979 1668 mor-

1210 1683 1281 1720 tuis
1309 1696 1380 1718 non
1418 1683 1500 1720 satis
1528 1685 1713 1720 commode
1750 1684 1833 1719 haec
1868 1683 1979 1719 inter-

1209 1735 1354 1782 preteris
1375 1762 1385 1778 ,
1422 1736 1457 1770 &
1499 1735 1682 1783 praecipue
1718 1748 1825 1782 quum
1861 1733 1977 1769 Galli-

1208 1797 1284 1820 cam
1314 1784 1494 1832 Linguam
1523 1799 1565 1821 eo
1593 1795 1750 1832 tempore
1779 1784 1891 1824 adhuc
1919 1784 1976 1818 vi-

1208 1844 1349 1870 ventem
1380 1834 1478 1883 supra
1507 1835 1727 1882 viderimu53
1765 1835 1796 1868 &
1830 1833 1974 1882 Apolli-

1207 1885 1301 1921 naris
1340 1884 1503 1921 Sidonius
1531 1886 1614 1921 Lib.
1645 1887 1689 1920 11.
1720 1886 1784 1932 Ep.
1813 1886 1877 1919 ΙΙΙ.
1908 1886 1976 1926 Jer-

1207 1935 1305 1970 mom's
1326 1936 1439 1970 Celtici
1454 1936 1619 1982 squamam
1641 1935 1819 1979 vigentem
1844 1933 1880 1969 in
1903 1935 1974 1969 Ar-

1209 1999 1396 2022 vernorum
1412 1985 1513 2022 Urbe
1524 1994 1802 2034 commemoret;
1819 1986 1849 2020 8<
1866 1986 1976 2020 Lam-

1209 2037 1342 2086 pridius
1370 2036 1408 2071 in
1433 2038 1640 2073 Alexandro
1656 2039 1792 2071 -Sevcro
1820 2035 1971 2070 scribat:

1210 2088 1333 2123 Mulier
1360 2087 1484 2132 Drujas
1510 2088 1599 2122 eunti
1633 2087 1647 2133 (
1660 2086 1841 2135 Augusto)
1870 2087 1975 2120 excla-

1207 2139 1314 2182 mavit
1333 2138 1455 2173 Gallico
1472 2138 1631 2181 sermone:
1652 2139 1757 2172 Vadas
1769 2135 1842 2174 &a
1866 2134 1974 2180 Quod

1207 2198 1325 2225 tamen
1366 2188 1581 2234 potiffimum
1620 2188 1878 2224 animadvertas
1911 2198 1973 2221 ve-

1207 2240 1295 2279 lim,
1320 2239 1402 2275 teste
1427 2241 1675 2286 Hieronymo,
1701 2238 1755 2275 uti
1783 2251 1892 2285 nuper
1916 2235 1972 2272 vi-

1207 2291 1322 2326 dimus
1340 2319 1350 2335 ‚
1392 2291 1460 2337 ipsa
1501 2291 1668 2325 Latinitas
1705 2289 1753 2327 οὐ*
1795 2286 1971 2335 regionibus

1207 2342 1361 2388 Quotidie
1387 2340 1598 2381 mutabatur,
1625 2342 1669 2375 (9⁶
1695 2349 1856 2384 tempore:
1881 2346 1970 2390 quae

1208 2393 1312 2428 verba
1349 2391 1484 2428 indicia
1511 2391 1615 2435 sunt,
1643 2390 1818 2438 Linguam
1856 2385 1968 2433 iplam

1208 2442 1375 2479 Latinam
1397 2443 1467 2492 jam
1488 2455 1559 2478 non
1587 2454 1710 2490 paucas
1730 2436 1865 2473 subiisse
1889 2448 1968 2472 rnu-

1207 2494 1384 2534 tationes„
1410 2495 1444 2529 ὅ(
1474 2506 1580 2529 novas
1607 2492 1643 2527 in
1672 2488 1744 2525 dies
1772 2487 1906 2523 subire.

1259 2544 1409 2580 Proinde
1444 2557 1488 2580 ne
1514 2553 1670 2582 tempora
1708 2539 1848 2587 quidem
1879 2539 1965 2573 Bar-

1209 2595 1369 2631 batorum
1390 2595 1428 2631 in
1455 2592 1557 2630 ltalia
1577 2589 1723 2642 pacifice
1741 2590 1966 2678 regn}ntium

1850 2649 1914 2678 unt
