<?xml version="1.0" encoding="UTF-8"?>
<!DOCTYPE html PUBLIC "-//W3C//DTD XHTML 1.0 Transitional//EN"
    "http://www.w3.org/TR/xhtml1/DTD/xhtml1-transitional.dtd">
<html xmlns="http://www.w3.org/1999/xhtml" xml:lang="en" lang="en">
 <head>
  <title>
</title>
<meta http-equiv="Content-Type" content="text/html;charset=utf-8" />
  <meta name='ocr-system' content='tesseract 3.04.00' />
  <meta name='ocr-capabilities' content='ocr_page ocr_carea ocr_par ocr_line ocrx_word'/>
</head>
<body>
  <div class='ocr_page' id='page_1' title='image "antiquitatesital06mura_0411.png"; bbox 0 0 2169 3047; ppageno 0'>
   <div class='ocr_carea' id='block_1_1' title="bbox 271 204 1501 303">
    <p class='ocr_par' dir='ltr' id='par_1_1' title="bbox 271 204 1501 303">
     <span class='ocr_line' id='line_1_1' title="bbox 276 204 1501 273; baseline -0.004 -20"><span class='ocrx_word' id='word_1_1' title='bbox 276 215 358 265; x_wconf 77' lang='lat'>813</span> <span class='ocrx_word' id='word_1_2' title='bbox 537 204 927 273; x_wconf 28' lang='lat' dir='ltr'>‚Disfflzzffm</span> <span class='ocrx_word' id='word_1_3' title='bbox 958 204 1501 250; x_wconf 52' lang='lat' dir='ltr'><em>TRJGESJMATERTIAE</em></span> 
     </span>
     <span class='ocr_line' id='line_1_2' title="bbox 271 265 1051 303; baseline -0.001 0"><span class='ocrx_word' id='word_1_4' title='bbox 271 271 416 303; x_wconf 85' lang='lat' dir='ltr'>Veteres</span> <span class='ocrx_word' id='word_1_5' title='bbox 440 265 547 303; x_wconf 76' lang='lat' dir='ltr'>Tusm</span> <span class='ocrx_word' id='word_1_6' title='bbox 573 265 676 301; x_wconf 78' lang='lat' dir='ltr'>facile</span> <span class='ocrx_word' id='word_1_7' title='bbox 699 268 738 300; x_wconf 85' lang='lat' dir='ltr'>L.</span> <span class='ocrx_word' id='word_1_8' title='bbox 764 279 797 299; x_wconf 84' lang='lat' dir='ltr'><em>m</em></span> <span class='ocrx_word' id='word_1_9' title='bbox 823 269 868 301; x_wconf 89' lang='lat' dir='ltr'>R.</span> <span class='ocrx_word' id='word_1_10' title='bbox 895 279 978 301; x_wconf 88' lang='lat' dir='ltr'>con-</span> <span class='ocrx_word' id='word_1_11' title='bbox 1022 268 1051 302; x_wconf 88' lang='lat' dir='ltr'>A</span> 
     </span>
    </p>
   </div>
   <div class='ocr_carea' id='block_1_2' title="bbox 220 314 979 704">
    <p class='ocr_par' dir='ltr' id='par_1_2' title="bbox 270 314 976 413">
     <span class='ocr_line' id='line_1_3' title="bbox 270 314 976 364; baseline -0.004 -9"><span class='ocrx_word' id='word_1_12' title='bbox 270 314 481 360; x_wconf 72' lang='lat' dir='ltr'>vertebant,</span> <span class='ocrx_word' id='word_1_13' title='bbox 516 314 569 351; x_wconf 88' lang='lat' dir='ltr'>uti</span> <span class='ocrx_word' id='word_1_14' title='bbox 606 316 781 350; x_wconf 82' lang='lat' dir='ltr'>Salviatus</span> <span class='ocrx_word' id='word_1_15' title='bbox 820 318 976 364; x_wconf 88' lang='lat' dir='ltr'>complu-</span> 
     </span>
     <span class='ocr_line' id='line_1_4' title="bbox 272 365 927 413; baseline -0.005 -8"><span class='ocrx_word' id='word_1_16' title='bbox 272 369 367 404; x_wconf 86' lang='lat' dir='ltr'>ribus</span> <span class='ocrx_word' id='word_1_17' title='bbox 394 365 564 413; x_wconf 86' lang='lat' dir='ltr'>exemplis</span> <span class='ocrx_word' id='word_1_18' title='bbox 594 365 724 412; x_wconf 87' lang='lat' dir='ltr'>jamdiu</span> <span class='ocrx_word' id='word_1_19' title='bbox 754 365 927 402; x_wconf 83' lang='lat' dir='ltr'>ostendit.</span> 
     </span>
    </p>

    <p class='ocr_par' dir='ltr' id='par_1_3' title="bbox 220 416 979 704">
     <span class='ocr_line' id='line_1_5' title="bbox 220 416 979 465; baseline -0.003 -11"><span class='ocrx_word' id='word_1_20' title='bbox 220 422 383 465; x_wconf 80' lang='lat' dir='ltr'>Frugare.</span> <span class='ocrx_word' id='word_1_21' title='bbox 421 420 624 451; x_wconf 76' lang='lat' dir='ltr'>Praetentare</span> <span class='ocrx_word' id='word_1_22' title='bbox 660 417 759 464; x_wconf 84' lang='lat' dir='ltr'>ligno</span> <span class='ocrx_word' id='word_1_23' title='bbox 796 426 855 451; x_wconf 85' lang='lat' dir='ltr'>aut</span> <span class='ocrx_word' id='word_1_24' title='bbox 890 416 979 452; x_wconf 78' lang='lat' dir='ltr'>ferro</span> 
     </span>
     <span class='ocr_line' id='line_1_6' title="bbox 269 467 978 515; baseline -0.004 -11"><span class='ocrx_word' id='word_1_25' title='bbox 269 467 404 515; x_wconf 82' lang='lat' dir='ltr'>aliquid</span> <span class='ocrx_word' id='word_1_26' title='bbox 443 467 623 502; x_wconf 84' lang='lat' dir='ltr'>abditum.</span> <span class='ocrx_word' id='word_1_27' title='bbox 663 469 694 501; x_wconf 87' lang='lat' dir='ltr'>A</span> <span class='ocrx_word' id='word_1_28' title='bbox 729 467 840 508; x_wconf 77' lang='lat' dir='ltr'>Ferio,</span> <span class='ocrx_word' id='word_1_29' title='bbox 879 469 978 501; x_wconf 85' lang='lat' dir='ltr'>Feru-</span> 
     </span>
     <span class='ocr_line' id='line_1_7' title="bbox 268 518 979 561; baseline -0.004 -8"><span class='ocrx_word' id='word_1_30' title='bbox 268 529 357 558; x_wconf 81' lang='lat' dir='ltr'>tum,</span> <span class='ocrx_word' id='word_1_31' title='bbox 386 518 588 559; x_wconf 68' lang='lat' dir='ltr'>formicare,</span> <span class='ocrx_word' id='word_1_32' title='bbox 611 519 797 561; x_wconf 65' lang='lat' dir='ltr'>Fratreme,</span> <span class='ocrx_word' id='word_1_33' title='bbox 823 519 979 557; x_wconf 85' lang='lat' dir='ltr'>Frucare,</span> 
     </span>
     <span class='ocr_line' id='line_1_8' title="bbox 269 567 976 617; baseline -0.001 -13"><span class='ocrx_word' id='word_1_34' title='bbox 269 567 462 617; x_wconf 69' lang='lat' dir='ltr'>profestam</span> <span class='ocrx_word' id='word_1_35' title='bbox 503 581 624 603; x_wconf 86' lang='lat' dir='ltr'>vocem</span> <span class='ocrx_word' id='word_1_36' title='bbox 663 569 828 609; x_wconf 70' lang='lat' dir='ltr'>opinatur</span> <span class='ocrx_word' id='word_1_37' title='bbox 856 569 976 603; x_wconf 83' lang='lat' dir='ltr'>Mena-</span> 
     </span>
     <span class='ocr_line' id='line_1_9' title="bbox 269 618 976 667; baseline -0.001 -13"><span class='ocrx_word' id='word_1_38' title='bbox 269 619 374 667; x_wconf 81' lang='lat' dir='ltr'>gius:</span> <span class='ocrx_word' id='word_1_39' title='bbox 414 632 431 653; x_wconf 87' lang='lat' dir='ltr'>a</span> <span class='ocrx_word' id='word_1_40' title='bbox 470 620 621 652; x_wconf 76' lang='lat' dir='ltr'>Fodicare</span> <span class='ocrx_word' id='word_1_41' title='bbox 649 618 820 654; x_wconf 66' lang='lat' dir='ltr'>Ostavius</span> <span class='ocrx_word' id='word_1_42' title='bbox 859 621 976 654; x_wconf 88' lang='lat' dir='ltr'>Ferra-</span> 
     </span>
     <span class='ocr_line' id='line_1_10' title="bbox 269 667 979 704; baseline 0 0"><span class='ocrx_word' id='word_1_43' title='bbox 269 669 365 704; x_wconf 86' lang='lat' dir='ltr'>rius.</span> <span class='ocrx_word' id='word_1_44' title='bbox 410 670 542 704; x_wconf 88' lang='lat' dir='ltr'>Neutra</span> <span class='ocrx_word' id='word_1_45' title='bbox 585 667 754 703; x_wconf 77' lang='lat' dir='ltr'>sententia</span> <span class='ocrx_word' id='word_1_46' title='bbox 798 669 979 704; x_wconf 85' lang='lat' dir='ltr'>arrideat.</span> 
     </span>
    </p>
   </div>
   <div class='ocr_carea' id='block_1_3' title="bbox 270 720 1054 766">
    <p class='ocr_par' dir='ltr' id='par_1_4' title="bbox 270 720 1054 766">
     <span class='ocr_line' id='line_1_11' title="bbox 270 720 1054 766; baseline -0.001 -11"><span class='ocrx_word' id='word_1_47' title='bbox 270 721 368 755; x_wconf 87' lang='lat' dir='ltr'>Num</span> <span class='ocrx_word' id='word_1_48' title='bbox 407 732 489 766; x_wconf 84' lang='lat' dir='ltr'>ergo</span> <span class='ocrx_word' id='word_1_49' title='bbox 525 732 543 753; x_wconf 91' lang='lat' dir='ltr'>a</span> <span class='ocrx_word' id='word_1_50' title='bbox 572 720 668 752; x_wconf 83' lang='lat' dir='ltr'><em>Ferro</em></span> <span class='ocrx_word' id='word_1_51' title='bbox 696 722 864 753; x_wconf 76' lang='lat' dir='ltr'>Ferrucare</span> <span class='ocrx_word' id='word_1_52' title='bbox 900 732 977 754; x_wconf 86' lang='lat' dir='ltr'>ena·</span> <span class='ocrx_word' id='word_1_53' title='bbox 1026 730 1054 763; x_wconf 79' lang='grc' dir='ltr'>Β</span> 
     </span>
    </p>
   </div>
   <div class='ocr_carea' id='block_1_4' title="bbox 263 768 981 1118">
    <p class='ocr_par' dir='ltr' id='par_1_5' title="bbox 263 768 981 1118">
     <span class='ocr_line' id='line_1_12' title="bbox 270 768 980 815; baseline 0.001 -12"><span class='ocrx_word' id='word_1_54' title='bbox 270 778 368 811; x_wconf 77' lang='lat' dir='ltr'>tum,</span> <span class='ocrx_word' id='word_1_55' title='bbox 398 782 504 815; x_wconf 88' lang='lat' dir='ltr'>quum</span> <span class='ocrx_word' id='word_1_56' title='bbox 536 768 670 804; x_wconf 89' lang='lat' dir='ltr'>scilicet</span> <span class='ocrx_word' id='word_1_57' title='bbox 702 768 862 804; x_wconf 74' lang='lat' dir='ltr'>homines</span> <span class='ocrx_word' id='word_1_58' title='bbox 890 768 980 804; x_wconf 88' lang='lat' dir='ltr'>ferro</span> 
     </span>
     <span class='ocr_line' id='line_1_13' title="bbox 268 818 980 862; baseline 0.001 -8"><span class='ocrx_word' id='word_1_59' title='bbox 268 819 425 855; x_wconf 75' lang='lat' dir='ltr'>immisso</span> <span class='ocrx_word' id='word_1_60' title='bbox 456 828 619 862; x_wconf 83' lang='lat' dir='ltr'>tentant,</span> <span class='ocrx_word' id='word_1_61' title='bbox 658 833 700 854; x_wconf 88' lang='lat' dir='ltr'>an</span> <span class='ocrx_word' id='word_1_62' title='bbox 730 820 853 854; x_wconf 85' lang='lat' dir='ltr'>ostium</span> <span class='ocrx_word' id='word_1_63' title='bbox 874 847 883 862; x_wconf 79' lang='lat'>,</span> <span class='ocrx_word' id='word_1_64' title='bbox 913 818 980 855; x_wconf 77' lang='lat' dir='ltr'>sive</span> 
     </span>
     <span class='ocr_line' id='line_1_14' title="bbox 269 869 980 917; baseline 0.001 -13"><span class='ocrx_word' id='word_1_65' title='bbox 269 883 347 905; x_wconf 79' lang='lat' dir='ltr'>arca</span> <span class='ocrx_word' id='word_1_66' title='bbox 378 869 443 905; x_wconf 79' lang='lat' dir='ltr'>sine</span> <span class='ocrx_word' id='word_1_67' title='bbox 473 871 565 904; x_wconf 90' lang='lat' dir='ltr'>clavi</span> <span class='ocrx_word' id='word_1_68' title='bbox 595 869 721 916; x_wconf 84' lang='lat' dir='ltr'>aperiri</span> <span class='ocrx_word' id='word_1_69' title='bbox 751 869 875 917; x_wconf 87' lang='lat' dir='ltr'>poffit?</span> <span class='ocrx_word' id='word_1_70' title='bbox 917 872 980 905; x_wconf 76' lang='lat' dir='ltr'>Al-</span> 
     </span>
     <span class='ocr_line' id='line_1_15' title="bbox 270 920 981 968; baseline 0.001 -14"><span class='ocrx_word' id='word_1_71' title='bbox 270 929 383 955; x_wconf 79' lang='lat' dir='ltr'>terum</span> <span class='ocrx_word' id='word_1_72' title='bbox 414 933 472 966; x_wconf 88' lang='lat' dir='ltr'>par</span> <span class='ocrx_word' id='word_1_73' title='bbox 502 920 668 963; x_wconf 79' lang='lat' dir='ltr'>verbum,</span> <span class='ocrx_word' id='word_1_74' title='bbox 707 930 840 968; x_wconf 86' lang='lat' dir='ltr'>praeter</span> <span class='ocrx_word' id='word_1_75' title='bbox 868 920 952 955; x_wconf 81' lang='lat' dir='ltr'>istud</span> <span class='ocrx_word' id='word_1_76' title='bbox 972 949 981 964; x_wconf 92' lang='lat'>‚</span> 
     </span>
     <span class='ocr_line' id='line_1_16' title="bbox 270 970 979 1014; baseline -0.001 -9"><span class='ocrx_word' id='word_1_77' title='bbox 270 970 490 1006; x_wconf 85' lang='lat' dir='ltr'>Mutinenses</span> <span class='ocrx_word' id='word_1_78' title='bbox 517 970 702 1014; x_wconf 82' lang='lat' dir='ltr'>usurpant,</span> <span class='ocrx_word' id='word_1_79' title='bbox 729 970 795 1006; x_wconf 86' lang='lat' dir='ltr'>hoc</span> <span class='ocrx_word' id='word_1_80' title='bbox 820 971 885 1013; x_wconf 86' lang='lat' dir='ltr'>est,</span> <span class='ocrx_word' id='word_1_81' title='bbox 911 973 979 1005; x_wconf 81' lang='lat' dir='ltr'>Fu-</span> 
     </span>
     <span class='ocr_line' id='line_1_17' title="bbox 263 1019 975 1068; baseline 0 -14"><span class='ocrx_word' id='word_1_82' title='bbox 263 1020 408 1067; x_wconf 77' lang='lat' dir='ltr'>flrgare,</span> <span class='ocrx_word' id='word_1_83' title='bbox 448 1031 506 1056; x_wconf 80' lang='lat' dir='ltr'>aut</span> <span class='ocrx_word' id='word_1_84' title='bbox 534 1034 552 1056; x_wconf 89' lang='lat' dir='ltr'>e</span> <span class='ocrx_word' id='word_1_85' title='bbox 580 1021 710 1062; x_wconf 69' lang='lat' dir='ltr'>Festum</span> <span class='ocrx_word' id='word_1_86' title='bbox 738 1029 902 1068; x_wconf 83' lang='lat' dir='ltr'>corrupto</span> <span class='ocrx_word' id='word_1_87' title='bbox 931 1019 975 1054; x_wconf 88' lang='lat' dir='ltr'>ef-</span> 
     </span>
     <span class='ocr_line' id='line_1_18' title="bbox 271 1069 980 1118; baseline -0.004 -12"><span class='ocrx_word' id='word_1_88' title='bbox 271 1069 484 1111; x_wconf 79' lang='lat' dir='ltr'>formatum,</span> <span class='ocrx_word' id='word_1_89' title='bbox 523 1081 582 1106; x_wconf 78' lang='lat' dir='ltr'>aut</span> <span class='ocrx_word' id='word_1_90' title='bbox 619 1071 740 1118; x_wconf 87' lang='lat' dir='ltr'>(quod</span> <span class='ocrx_word' id='word_1_91' title='bbox 779 1071 853 1105; x_wconf 83' lang='lat' dir='ltr'>veri</span> <span class='ocrx_word' id='word_1_92' title='bbox 886 1070 980 1104; x_wconf 85' lang='lat' dir='ltr'>vide-</span> 
     </span>
    </p>
   </div>
   <div class='ocr_carea' id='block_1_5' title="bbox 270 1121 1005 1167">
    <p class='ocr_par' dir='ltr' id='par_1_6' title="bbox 270 1121 1005 1167">
     <span class='ocr_line' id='line_1_19' title="bbox 270 1121 1005 1167; baseline -0.004 -11"><span class='ocrx_word' id='word_1_93' title='bbox 270 1129 328 1156; x_wconf 83' lang='lat' dir='ltr'>tur</span> <span class='ocrx_word' id='word_1_94' title='bbox 349 1121 519 1167; x_wconf 69' lang='lat' dir='ltr'>similius)</span> <span class='ocrx_word' id='word_1_95' title='bbox 546 1134 562 1154; x_wconf 91' lang='lat' dir='ltr'>a</span> <span class='ocrx_word' id='word_1_96' title='bbox 586 1121 700 1162; x_wconf 65' lang='lat' dir='ltr'>Fuste,</span> <span class='ocrx_word' id='word_1_97' title='bbox 728 1121 866 1160; x_wconf 78' lang='lat' dir='ltr'>Baculo,</span> <span class='ocrx_word' id='word_1_98' title='bbox 895 1133 979 1166; x_wconf 80' lang='lat' dir='ltr'>quo·</span> <span class='ocrx_word' id='word_1_99' title='bbox 1004 1158 1005 1163; x_wconf 20' lang='lat'>¹</span> 
     </span>
    </p>
   </div>
   <div class='ocr_carea' id='block_1_6' title="bbox 268 1168 1048 1216">
    <p class='ocr_par' dir='ltr' id='par_1_7' title="bbox 268 1168 1048 1216">
     <span class='ocr_line' id='line_1_20' title="bbox 268 1168 1048 1216; baseline 0 -12"><span class='ocrx_word' id='word_1_100' title='bbox 268 1170 335 1204; x_wconf 82' lang='lat' dir='ltr'>ties</span> <span class='ocrx_word' id='word_1_101' title='bbox 374 1169 540 1204; x_wconf 88' lang='lat' dir='ltr'>nimirum</span> <span class='ocrx_word' id='word_1_102' title='bbox 581 1170 698 1209; x_wconf 63' lang='lat' dir='ltr'>Fusie,</span> <span class='ocrx_word' id='word_1_103' title='bbox 738 1168 806 1204; x_wconf 86' lang='lat' dir='ltr'>five</span> <span class='ocrx_word' id='word_1_104' title='bbox 847 1171 981 1216; x_wconf 64' lang='lat' dir='ltr'>Vnguld</span> <span class='ocrx_word' id='word_1_105' title='bbox 1017 1177 1048 1210; x_wconf 75' lang='lat' dir='ltr'>C</span> 
     </span>
    </p>
   </div>
   <div class='ocr_carea' id='block_1_7' title="bbox 219 1218 980 1311">
    <p class='ocr_par' dir='ltr' id='par_1_8' title="bbox 219 1218 980 1311">
     <span class='ocr_line' id='line_1_21' title="bbox 268 1218 842 1265; baseline 0.003 -12"><span class='ocrx_word' id='word_1_106' title='bbox 268 1219 426 1254; x_wconf 85' lang='lat' dir='ltr'>abditum</span> <span class='ocrx_word' id='word_1_107' title='bbox 456 1218 591 1265; x_wconf 89' lang='lat' dir='ltr'>aliquid</span> <span class='ocrx_word' id='word_1_108' title='bbox 622 1218 842 1255; x_wconf 77' lang='lat' dir='ltr'>scrutantur.</span> 
     </span>
     <span class='ocr_line' id='line_1_22' title="bbox 219 1268 980 1311; baseline 0.003 -7"><span class='ocrx_word' id='word_1_109' title='bbox 219 1270 384 1311; x_wconf 76' lang='lat' dir='ltr'>Frullare.</span> <span class='ocrx_word' id='word_1_110' title='bbox 414 1268 505 1304; x_wconf 83' lang='lat' dir='ltr'>Vide</span> <span class='ocrx_word' id='word_1_111' title='bbox 533 1269 818 1306; x_wconf 75' lang='lat' dir='ltr'>Differtationem</span> <span class='ocrx_word' id='word_1_112' title='bbox 850 1273 980 1306; x_wconf 77' lang='lat' dir='ltr'>xxm.</span> 
     </span>
    </p>
   </div>
   <div class='ocr_carea' id='block_1_8' title="bbox 223 1320 987 1966">
    <p class='ocr_par' dir='ltr' id='par_1_9' title="bbox 271 1320 707 1354">
     <span class='ocr_line' id='line_1_23' title="bbox 271 1320 707 1354; baseline 0.005 -2"><span class='ocrx_word' id='word_1_113' title='bbox 271 1321 309 1352; x_wconf 81' lang='lat' dir='ltr'>de</span> <span class='ocrx_word' id='word_1_114' title='bbox 337 1320 481 1352; x_wconf 70' lang='lat' dir='ltr'>Moribus</span> <span class='ocrx_word' id='word_1_115' title='bbox 510 1321 707 1354; x_wconf 75' lang='lat' dir='ltr'>Italicorum.</span> 
     </span>
    </p>

    <p class='ocr_par' dir='ltr' id='par_1_10' title="bbox 223 1368 987 1966">
     <span class='ocr_line' id='line_1_24' title="bbox 223 1368 977 1416; baseline 0.003 -13"><span class='ocrx_word' id='word_1_116' title='bbox 223 1370 366 1403; x_wconf 78' lang='lat' dir='ltr'>Fucina.</span> <span class='ocrx_word' id='word_1_117' title='bbox 389 1368 561 1408; x_wconf 70' lang='lat' dir='ltr'>caminus,</span> <span class='ocrx_word' id='word_1_118' title='bbox 584 1369 703 1412; x_wconf 83' lang='lat' dir='ltr'>locus,</span> <span class='ocrx_word' id='word_1_119' title='bbox 724 1369 760 1403; x_wconf 93' lang='lat' dir='ltr'>in</span> <span class='ocrx_word' id='word_1_120' title='bbox 786 1383 888 1416; x_wconf 88' lang='lat' dir='ltr'>quem</span> <span class='ocrx_word' id='word_1_121' title='bbox 917 1370 977 1405; x_wconf 71' lang='lat' dir='ltr'>fer-</span> 
     </span>
     <span class='ocr_line' id='line_1_25' title="bbox 272 1417 982 1465; baseline 0.003 -12"><span class='ocrx_word' id='word_1_122' title='bbox 272 1432 346 1454; x_wconf 85' lang='lat' dir='ltr'>rum</span> <span class='ocrx_word' id='word_1_123' title='bbox 362 1443 370 1457; x_wconf 94' lang='lat'><em>‚</em></span> <span class='ocrx_word' id='word_1_124' title='bbox 393 1428 431 1453; x_wconf 88' lang='lat' dir='ltr'>ut</span> <span class='ocrx_word' id='word_1_125' title='bbox 454 1417 626 1465; x_wconf 74' lang='lat' dir='ltr'>ignescat,</span> <span class='ocrx_word' id='word_1_126' title='bbox 649 1418 830 1465; x_wconf 84' lang='lat' dir='ltr'>injicitur.</span> <span class='ocrx_word' id='word_1_127' title='bbox 854 1423 886 1455; x_wconf 85' lang='lat' dir='ltr'>A</span> <span class='ocrx_word' id='word_1_128' title='bbox 909 1423 982 1455; x_wconf 89' lang='lat' dir='ltr'>Vo-</span> 
     </span>
     <span class='ocr_line' id='line_1_26' title="bbox 274 1468 984 1506; baseline 0.001 -3"><span class='ocrx_word' id='word_1_129' title='bbox 274 1468 443 1504; x_wconf 83' lang='lat' dir='ltr'>cabularii</span> <span class='ocrx_word' id='word_1_130' title='bbox 472 1468 640 1504; x_wconf 84' lang='lat' dir='ltr'>Cruscani</span> <span class='ocrx_word' id='word_1_131' title='bbox 668 1469 885 1506; x_wconf 65' lang='lat' dir='ltr'>Austoribus</span> <span class='ocrx_word' id='word_1_132' title='bbox 915 1472 984 1506; x_wconf 85' lang='lat' dir='ltr'>La-</span> 
     </span>
     <span class='ocr_line' id='line_1_27' title="bbox 274 1517 984 1563; baseline 0.004 -10"><span class='ocrx_word' id='word_1_133' title='bbox 274 1518 350 1554; x_wconf 79' lang='lat' dir='ltr'>tine</span> <span class='ocrx_word' id='word_1_134' title='bbox 373 1518 528 1554; x_wconf 81' lang='lat' dir='ltr'>redditur</span> <span class='ocrx_word' id='word_1_135' title='bbox 547 1517 701 1563; x_wconf 79' lang='lat' dir='ltr'>Officina.</span> <span class='ocrx_word' id='word_1_136' title='bbox 727 1522 860 1556; x_wconf 86' lang='lat' dir='ltr'>Vocem</span> <span class='ocrx_word' id='word_1_137' title='bbox 882 1534 899 1556; x_wconf 91' lang='lat' dir='ltr'>e</span> <span class='ocrx_word' id='word_1_138' title='bbox 924 1534 984 1556; x_wconf 86' lang='lat' dir='ltr'>ve-</span> 
     </span>
     <span class='ocr_line' id='line_1_28' title="bbox 274 1568 984 1617; baseline 0.003 -13"><span class='ocrx_word' id='word_1_139' title='bbox 274 1569 376 1617; x_wconf 77' lang='lat' dir='ltr'>stigio</span> <span class='ocrx_word' id='word_1_140' title='bbox 404 1569 553 1616; x_wconf 83' lang='lat' dir='ltr'>arripuit</span> <span class='ocrx_word' id='word_1_141' title='bbox 590 1568 797 1617; x_wconf 81' lang='lat' dir='ltr'>Menagius,</span> <span class='ocrx_word' id='word_1_142' title='bbox 827 1570 895 1606; x_wconf 83' lang='lat' dir='ltr'>fine</span> <span class='ocrx_word' id='word_1_143' title='bbox 923 1571 984 1606; x_wconf 83' lang='lat' dir='ltr'>du—</span> 
     </span>
     <span class='ocr_line' id='line_1_29' title="bbox 274 1619 978 1659; baseline 0.003 -5"><span class='ocrx_word' id='word_1_144' title='bbox 274 1620 448 1654; x_wconf 82' lang='lat' dir='ltr'>bitatione</span> <span class='ocrx_word' id='word_1_145' title='bbox 475 1619 646 1659; x_wconf 82' lang='lat' dir='ltr'>scribens,</span> <span class='ocrx_word' id='word_1_146' title='bbox 674 1621 799 1655; x_wconf 81' lang='lat' dir='ltr'>Fucina</span> <span class='ocrx_word' id='word_1_147' title='bbox 825 1621 978 1656; x_wconf 78' lang='lat' dir='ltr'>efforma-</span> 
     </span>
     <span class='ocr_line' id='line_1_30' title="bbox 273 1669 985 1718; baseline 0.003 -13"><span class='ocrx_word' id='word_1_148' title='bbox 273 1680 348 1705; x_wconf 81' lang='lat' dir='ltr'>tum</span> <span class='ocrx_word' id='word_1_149' title='bbox 389 1684 430 1705; x_wconf 86' lang='lat' dir='ltr'>ex</span> <span class='ocrx_word' id='word_1_150' title='bbox 469 1669 628 1714; x_wconf 88' lang='lat' dir='ltr'>Officina.</span> <span class='ocrx_word' id='word_1_151' title='bbox 666 1670 701 1705; x_wconf 90' lang='lat' dir='ltr'>Si</span> <span class='ocrx_word' id='word_1_152' title='bbox 740 1671 824 1718; x_wconf 88' lang='lat' dir='ltr'>quid</span> <span class='ocrx_word' id='word_1_153' title='bbox 860 1671 985 1711; x_wconf 79' lang='lat' dir='ltr'>video,</span> 
     </span>
     <span class='ocr_line' id='line_1_31' title="bbox 276 1720 984 1768; baseline 0.003 -13"><span class='ocrx_word' id='word_1_154' title='bbox 276 1720 464 1766; x_wconf 85' lang='lat' dir='ltr'>utrobique</span> <span class='ocrx_word' id='word_1_155' title='bbox 491 1730 642 1756; x_wconf 86' lang='lat' dir='ltr'>erratum</span> <span class='ocrx_word' id='word_1_156' title='bbox 672 1720 760 1757; x_wconf 78' lang='lat' dir='ltr'>fuit.</span> <span class='ocrx_word' id='word_1_157' title='bbox 800 1723 923 1768; x_wconf 84' lang='lat' dir='ltr'>Neque</span> <span class='ocrx_word' id='word_1_158' title='bbox 952 1736 984 1757; x_wconf 87' lang='lat' dir='ltr'>e—</span> 
     </span>
     <span class='ocr_line' id='line_1_32' title="bbox 274 1770 985 1818; baseline 0.001 -13"><span class='ocrx_word' id='word_1_159' title='bbox 274 1770 348 1805; x_wconf 88' lang='lat' dir='ltr'>nim</span> <span class='ocrx_word' id='word_1_160' title='bbox 394 1770 530 1814; x_wconf 76' lang='lat' dir='ltr'>officina</span> <span class='ocrx_word' id='word_1_161' title='bbox 584 1784 734 1818; x_wconf 86' lang='lat' dir='ltr'>unquam</span> <span class='ocrx_word' id='word_1_162' title='bbox 787 1771 985 1807; x_wconf 81' lang='lat' dir='ltr'>adhibitum</span> 
     </span>
     <span class='ocr_line' id='line_1_33' title="bbox 274 1819 986 1866; baseline 0.003 -11"><span class='ocrx_word' id='word_1_163' title='bbox 274 1819 343 1855; x_wconf 82' lang='lat' dir='ltr'>fuit</span> <span class='ocrx_word' id='word_1_164' title='bbox 380 1820 420 1855; x_wconf 90' lang='lat' dir='ltr'>ad</span> <span class='ocrx_word' id='word_1_165' title='bbox 458 1820 723 1866; x_wconf 83' lang='lat' dir='ltr'>exprimendum</span> <span class='ocrx_word' id='word_1_166' title='bbox 767 1822 910 1861; x_wconf 88' lang='lat' dir='ltr'>locum,</span> <span class='ocrx_word' id='word_1_167' title='bbox 949 1822 986 1857; x_wconf 91' lang='lat' dir='ltr'>in</span> 
     </span>
     <span class='ocr_line' id='line_1_34' title="bbox 274 1871 986 1921; baseline 0.004 -16"><span class='ocrx_word' id='word_1_168' title='bbox 274 1884 344 1917; x_wconf 87' lang='lat' dir='ltr'>quo</span> <span class='ocrx_word' id='word_1_169' title='bbox 367 1871 467 1906; x_wconf 83' lang='lat' dir='ltr'>Fabri</span> <span class='ocrx_word' id='word_1_170' title='bbox 490 1871 616 1906; x_wconf 86' lang='lat' dir='ltr'>ferrum</span> <span class='ocrx_word' id='word_1_171' title='bbox 640 1871 813 1920; x_wconf 81' lang='lat' dir='ltr'>ignescere</span> <span class='ocrx_word' id='word_1_172' title='bbox 835 1882 986 1921; x_wconf 84' lang='lat' dir='ltr'>cogunt.</span> 
     </span>
     <span class='ocr_line' id='line_1_35' title="bbox 272 1920 987 1966; baseline 0.001 -11"><span class='ocrx_word' id='word_1_173' title='bbox 272 1920 407 1966; x_wconf 76' lang='lat' dir='ltr'>Offisina</span> <span class='ocrx_word' id='word_1_174' title='bbox 445 1921 650 1958; x_wconf 67' lang='lat' dir='ltr'>descendisse</span> <span class='ocrx_word' id='word_1_175' title='bbox 690 1923 843 1958; x_wconf 85' lang='lat' dir='ltr'>creditur</span> <span class='ocrx_word' id='word_1_176' title='bbox 875 1937 916 1958; x_wconf 83' lang='lat' dir='ltr'>ex</span> <span class='ocrx_word' id='word_1_177' title='bbox 946 1928 987 1956; x_wconf 84' lang='lat'>0-</span> 
     </span>
    </p>
   </div>
   <div class='ocr_carea' id='block_1_9' title="bbox 269 1971 1012 2071">
    <p class='ocr_par' dir='ltr' id='par_1_11' title="bbox 269 1971 1012 2071">
     <span class='ocr_line' id='line_1_36' title="bbox 269 1971 1012 2018; baseline 0.004 -13"><span class='ocrx_word' id='word_1_178' title='bbox 269 1971 429 2018; x_wconf 69' lang='grc' dir='ltr'>Ρῐῇεῐηα,</span> <span class='ocrx_word' id='word_1_179' title='bbox 453 1973 486 2006; x_wconf 77' lang='lat'>8&lt;</span> <span class='ocrx_word' id='word_1_180' title='bbox 512 1972 671 2007; x_wconf 83' lang='lat' dir='ltr'>omniurn</span> <span class='ocrx_word' id='word_1_181' title='bbox 701 1973 745 2007; x_wconf 85' lang='lat' dir='ltr'>est</span> <span class='ocrx_word' id='word_1_182' title='bbox 770 1973 960 2009; x_wconf 82' lang='lat' dir='ltr'>Artificum</span> <span class='ocrx_word' id='word_1_183' title='bbox 980 2001 988 2008; x_wconf 92' lang='lat'>.</span> <span class='ocrx_word' id='word_1_184' title='bbox 1010 1973 1012 1989; x_wconf 63' lang='lat'><em>¹</em></span> 
     </span>
     <span class='ocr_line' id='line_1_37' title="bbox 278 2021 1012 2071; baseline 0.001 -14"><span class='ocrx_word' id='word_1_185' title='bbox 278 2023 353 2057; x_wconf 87' lang='lat' dir='ltr'>Nos</span> <span class='ocrx_word' id='word_1_186' title='bbox 391 2034 481 2056; x_wconf 90' lang='lat' dir='ltr'>nunc</span> <span class='ocrx_word' id='word_1_187' title='bbox 515 2025 650 2069; x_wconf 82' lang='lat' dir='ltr'>Bottega</span> <span class='ocrx_word' id='word_1_188' title='bbox 687 2024 924 2071; x_wconf 80' lang='lat' dir='ltr'>appellamus.</span> <span class='ocrx_word' id='word_1_189' title='bbox 953 2021 1012 2058; x_wconf 57' lang='lat' dir='ltr'>Si}</span> 
     </span>
    </p>
   </div>
   <div class='ocr_carea' id='block_1_10' title="bbox 275 2070 990 2115">
    <p class='ocr_par' dir='ltr' id='par_1_12' title="bbox 275 2070 990 2115">
     <span class='ocr_line' id='line_1_38' title="bbox 275 2070 990 2115; baseline 0.006 -12"><span class='ocrx_word' id='word_1_190' title='bbox 275 2070 428 2115; x_wconf 79' lang='lat' dir='ltr'>officinae</span> <span class='ocrx_word' id='word_1_191' title='bbox 464 2073 516 2107; x_wconf 90' lang='lat' dir='ltr'>nil</span> <span class='ocrx_word' id='word_1_192' title='bbox 559 2074 607 2109; x_wconf 88' lang='lat' dir='ltr'>rei</span> <span class='ocrx_word' id='word_1_193' title='bbox 650 2072 695 2108; x_wconf 87' lang='lat' dir='ltr'>est</span> <span class='ocrx_word' id='word_1_194' title='bbox 737 2086 814 2109; x_wconf 89' lang='lat' dir='ltr'>cum</span> <span class='ocrx_word' id='word_1_195' title='bbox 857 2074 990 2109; x_wconf 80' lang='lat' dir='ltr'>Camino</span> 
     </span>
    </p>
   </div>
   <div class='ocr_carea' id='block_1_11' title="bbox 277 2123 1014 2222">
    <p class='ocr_par' dir='ltr' id='par_1_13' title="bbox 277 2123 1014 2222">
     <span class='ocr_line' id='line_1_39' title="bbox 277 2123 1014 2172; baseline 0.005 -17"><span class='ocrx_word' id='word_1_196' title='bbox 277 2123 493 2158; x_wconf 84' lang='lat' dir='ltr'>Fabrorum:</span> <span class='ocrx_word' id='word_1_197' title='bbox 535 2136 616 2171; x_wconf 85' lang='lat' dir='ltr'>ergo</span> <span class='ocrx_word' id='word_1_198' title='bbox 654 2136 766 2172; x_wconf 88' lang='lat' dir='ltr'>neque</span> <span class='ocrx_word' id='word_1_199' title='bbox 803 2124 927 2159; x_wconf 83' lang='lat' dir='ltr'>Fucina</span> <span class='ocrx_word' id='word_1_200' title='bbox 954 2137 1014 2166; x_wconf 66' lang='lat' dir='ltr'>e-3</span> 
     </span>
     <span class='ocr_line' id='line_1_40' title="bbox 278 2170 1014 2222; baseline 0.001 -16"><span class='ocrx_word' id='word_1_201' title='bbox 278 2170 422 2207; x_wconf 74' lang='lat' dir='ltr'>mersisse</span> <span class='ocrx_word' id='word_1_202' title='bbox 451 2172 531 2209; x_wconf 88' lang='lat' dir='ltr'>inde</span> <span class='ocrx_word' id='word_1_203' title='bbox 560 2173 698 2222; x_wconf 82' lang='lat' dir='ltr'>potuit.</span> <span class='ocrx_word' id='word_1_204' title='bbox 722 2176 774 2209; x_wconf 92' lang='lat' dir='ltr'>At</span> <span class='ocrx_word' id='word_1_205' title='bbox 802 2174 891 2209; x_wconf 90' lang='lat' dir='ltr'>unde</span> <span class='ocrx_word' id='word_1_206' title='bbox 924 2177 989 2207; x_wconf 83' lang='lat' dir='ltr'>Fu-</span> <span class='ocrx_word' id='word_1_207' title='bbox 1012 2171 1014 2201; x_wconf 58' lang='lat' dir='ltr'>T*</span> 
     </span>
    </p>
   </div>
   <div class='ocr_carea' id='block_1_12' title="bbox 278 2221 991 2574">
    <p class='ocr_par' dir='ltr' id='par_1_14' title="bbox 278 2221 991 2574">
     <span class='ocr_line' id='line_1_41' title="bbox 278 2221 990 2259; baseline 0.006 -4"><span class='ocrx_word' id='word_1_208' title='bbox 278 2221 382 2255; x_wconf 78' lang='lat' dir='ltr'>cina?</span> <span class='ocrx_word' id='word_1_209' title='bbox 409 2224 441 2258; x_wconf 93' lang='lat' dir='ltr'>A</span> <span class='ocrx_word' id='word_1_210' title='bbox 472 2226 571 2258; x_wconf 81' lang='lat' dir='ltr'>Focus</span> <span class='ocrx_word' id='word_1_211' title='bbox 598 2223 787 2259; x_wconf 70' lang='lat' dir='ltr'>verisimile</span> <span class='ocrx_word' id='word_1_212' title='bbox 814 2224 859 2259; x_wconf 85' lang='lat' dir='ltr'>est</span> <span class='ocrx_word' id='word_1_213' title='bbox 887 2224 990 2259; x_wconf 87' lang='lat' dir='ltr'>effor-</span> 
     </span>
     <span class='ocr_line' id='line_1_42' title="bbox 279 2272 991 2321; baseline 0.004 -15"><span class='ocrx_word' id='word_1_214' title='bbox 279 2282 412 2307; x_wconf 83' lang='lat' dir='ltr'>matum</span> <span class='ocrx_word' id='word_1_215' title='bbox 453 2272 549 2309; x_wconf 71' lang='lat' dir='ltr'>fuiss&#39;e</span> <span class='ocrx_word' id='word_1_216' title='bbox 587 2274 728 2318; x_wconf 76' lang='lat' dir='ltr'>Focina,</span> <span class='ocrx_word' id='word_1_217' title='bbox 765 2273 803 2310; x_wconf 89' lang='lat'>&amp;</span> <span class='ocrx_word' id='word_1_218' title='bbox 841 2274 991 2321; x_wconf 85' lang='lat' dir='ltr'>denique</span> 
     </span>
     <span class='ocr_line' id='line_1_43' title="bbox 280 2323 991 2370; baseline 0.001 -14"><span class='ocrx_word' id='word_1_219' title='bbox 280 2323 424 2357; x_wconf 74' lang='lat' dir='ltr'>Fucina.</span> <span class='ocrx_word' id='word_1_220' title='bbox 463 2325 516 2358; x_wconf 89' lang='lat' dir='ltr'>Ita</span> <span class='ocrx_word' id='word_1_221' title='bbox 556 2337 573 2358; x_wconf 86' lang='lat' dir='ltr'>e</span> <span class='ocrx_word' id='word_1_222' title='bbox 609 2326 738 2370; x_wconf 75' lang='lat' dir='ltr'>Coqua,</span> <span class='ocrx_word' id='word_1_223' title='bbox 775 2325 832 2360; x_wconf 85' lang='lat' dir='ltr'>vel</span> <span class='ocrx_word' id='word_1_224' title='bbox 868 2328 991 2370; x_wconf 86' lang='lat' dir='ltr'>Coquus</span> 
     </span>
     <span class='ocr_line' id='line_1_44' title="bbox 281 2372 991 2419; baseline 0.004 -13"><span class='ocrx_word' id='word_1_225' title='bbox 281 2372 440 2407; x_wconf 77' lang='lat' dir='ltr'>manavit</span> <span class='ocrx_word' id='word_1_226' title='bbox 478 2374 641 2419; x_wconf 79' lang='lat' dir='ltr'>Coquina,</span> <span class='ocrx_word' id='word_1_227' title='bbox 678 2374 823 2409; x_wconf 74' lang='lat' dir='ltr'>Cucina.</span> <span class='ocrx_word' id='word_1_228' title='bbox 862 2376 936 2409; x_wconf 82' lang='lat' dir='ltr'>Aut</span> <span class='ocrx_word' id='word_1_229' title='bbox 974 2387 991 2409; x_wconf 91' lang='lat' dir='ltr'>e</span> 
     </span>
     <span class='ocr_line' id='line_1_45' title="bbox 283 2424 988 2466; baseline 0.004 -10"><span class='ocrx_word' id='word_1_230' title='bbox 283 2424 420 2462; x_wconf 64' lang='lat' dir='ltr'>Fando,</span> <span class='ocrx_word' id='word_1_231' title='bbox 444 2424 590 2465; x_wconf 55' lang='lat' dir='ltr'>Fundis,</span> <span class='ocrx_word' id='word_1_232' title='bbox 616 2425 756 2466; x_wconf 63' lang='lat' dir='ltr'>Fulum„</span> <span class='ocrx_word' id='word_1_233' title='bbox 778 2424 988 2460; x_wconf 72' lang='lat' dir='ltr'>Latinorum</span> 
     </span>
     <span class='ocr_line' id='line_1_46' title="bbox 283 2473 991 2522; baseline 0.004 -17"><span class='ocrx_word' id='word_1_234' title='bbox 283 2473 412 2515; x_wconf 85' lang='lat' dir='ltr'>verbo,</span> <span class='ocrx_word' id='word_1_235' title='bbox 452 2473 664 2520; x_wconf 81' lang='lat' dir='ltr'>significante</span> <span class='ocrx_word' id='word_1_236' title='bbox 701 2475 896 2522; x_wconf 75' lang='lat' dir='ltr'>Liquefacere</span> <span class='ocrx_word' id='word_1_237' title='bbox 929 2488 991 2508; x_wconf 81' lang='lat' dir='ltr'>me-</span> 
     </span>
     <span class='ocr_line' id='line_1_47' title="bbox 287 2521 990 2574; baseline 0.006 -18"><span class='ocrx_word' id='word_1_238' title='bbox 287 2521 391 2568; x_wconf 69' lang='lat' dir='ltr'>zalla,</span> <span class='ocrx_word' id='word_1_239' title='bbox 418 2524 573 2574; x_wconf 84' lang='lat' dir='ltr'>Majores</span> <span class='ocrx_word' id='word_1_240' title='bbox 608 2524 713 2562; x_wconf 86' lang='lat' dir='ltr'>nostri</span> <span class='ocrx_word' id='word_1_241' title='bbox 749 2537 872 2562; x_wconf 85' lang='lat' dir='ltr'>vocem</span> <span class='ocrx_word' id='word_1_242' title='bbox 903 2524 990 2560; x_wconf 86' lang='lat' dir='ltr'>hanc</span> 
     </span>
    </p>
   </div>
   <div class='ocr_carea' id='block_1_13' title="bbox 1006 1342 1010 1436">
    <p class='ocr_par' dir='ltr' id='par_1_15' title="bbox 1006 1342 1010 1436">
     <span class='ocr_line' id='line_1_48' title="bbox 1006 1342 1010 1436; baseline 0 1611"><span class='ocrx_word' id='word_1_243' title='bbox 1006 1342 1010 1436; x_wconf 95' lang='lat' dir='ltr'> </span> 
     </span>
    </p>
   </div>
   <div class='ocr_carea' id='block_1_14' title="bbox 1090 2272 1512 2317">
    <p class='ocr_par' dir='ltr' id='par_1_16' title="bbox 1090 2272 1512 2317">
     <span class='ocr_line' id='line_1_49' title="bbox 1090 2272 1512 2317; baseline -0.012 -9"><span class='ocrx_word' id='word_1_244' title='bbox 1090 2273 1284 2317; x_wconf 72' lang='lat' dir='ltr'>Gagliardo.</span> <span class='ocrx_word' id='word_1_245' title='bbox 1325 2272 1481 2313; x_wconf 73' lang='lat' dir='ltr'>Robustus</span> <span class='ocrx_word' id='word_1_246' title='bbox 1502 2298 1512 2314; x_wconf 90' lang='lat'>,</span> 
     </span>
    </p>
   </div>
   <div class='ocr_carea' id='block_1_15' title="bbox 1137 208 1848 716">
    <p class='ocr_par' dir='ltr' id='par_1_17' title="bbox 1137 208 1848 716">
     <span class='ocr_line' id='line_1_50' title="bbox 1704 208 1765 248; baseline 0 0"><span class='ocrx_word' id='word_1_247' title='bbox 1704 208 1765 248; x_wconf 80' lang='lat'>81·</span> 
     </span>
     <span class='ocr_line' id='line_1_51' title="bbox 1137 222 1847 311; baseline -0.004 -9"><span class='ocrx_word' id='word_1_248' title='bbox 1137 274 1272 302; x_wconf 82' lang='lat' dir='ltr'>traxere</span> <span class='ocrx_word' id='word_1_249' title='bbox 1300 263 1341 300; x_wconf 89' lang='lat' dir='ltr'>ad</span> <span class='ocrx_word' id='word_1_250' title='bbox 1369 262 1612 311; x_wconf 77' lang='lat' dir='ltr'>designandum</span> <span class='ocrx_word' id='word_1_251' title='bbox 1641 222 1788 308; x_wconf 37' lang='lat' dir='ltr'>locum?</span> <span class='ocrx_word' id='word_1_252' title='bbox 1808 276 1847 299; x_wconf 89' lang='lat' dir='ltr'>u-</span> 
     </span>
     <span class='ocr_line' id='line_1_52' title="bbox 1140 313 1848 358; baseline -0.007 -6"><span class='ocrx_word' id='word_1_253' title='bbox 1140 316 1176 352; x_wconf 90' lang='lat' dir='ltr'>bi</span> <span class='ocrx_word' id='word_1_254' title='bbox 1194 316 1336 351; x_wconf 83' lang='lat' dir='ltr'>metalla</span> <span class='ocrx_word' id='word_1_255' title='bbox 1354 313 1565 349; x_wconf 88' lang='lat' dir='ltr'>funduntur.</span> <span class='ocrx_word' id='word_1_256' title='bbox 1581 313 1722 358; x_wconf 78' lang='lat' dir='ltr'>Quippe</span> <span class='ocrx_word' id='word_1_257' title='bbox 1736 316 1848 350; x_wconf 91' lang='lat' dir='ltr'>Lom-</span> 
     </span>
     <span class='ocr_line' id='line_1_53' title="bbox 1140 362 1848 402; baseline -0.006 0"><span class='ocrx_word' id='word_1_258' title='bbox 1140 366 1252 402; x_wconf 85' lang='lat' dir='ltr'>bardis</span> <span class='ocrx_word' id='word_1_259' title='bbox 1281 378 1351 400; x_wconf 89' lang='lat' dir='ltr'>non</span> <span class='ocrx_word' id='word_1_260' title='bbox 1380 365 1525 402; x_wconf 62' lang='lat' dir='ltr'>Paciae,</span> <span class='ocrx_word' id='word_1_261' title='bbox 1554 362 1608 397; x_wconf 92' lang='lat' dir='ltr'>sed</span> <span class='ocrx_word' id='word_1_262' title='bbox 1644 363 1765 401; x_wconf 78' lang='lat' dir='ltr'><em>Fufina</em></span> <span class='ocrx_word' id='word_1_263' title='bbox 1792 363 1848 399; x_wconf 84' lang='lat' dir='ltr'>di-</span> 
     </span>
     <span class='ocr_line' id='line_1_54' title="bbox 1139 412 1848 457; baseline -0.01 -5"><span class='ocrx_word' id='word_1_264' title='bbox 1139 417 1231 452; x_wconf 89' lang='lat' dir='ltr'>citur</span> <span class='ocrx_word' id='word_1_265' title='bbox 1257 417 1354 451; x_wconf 89' lang='lat' dir='ltr'>locus</span> <span class='ocrx_word' id='word_1_266' title='bbox 1382 414 1464 450; x_wconf 87' lang='lat' dir='ltr'>ille.</span> <span class='ocrx_word' id='word_1_267' title='bbox 1503 415 1638 449; x_wconf 88' lang='lat' dir='ltr'>Notum</span> <span class='ocrx_word' id='word_1_268' title='bbox 1676 412 1720 447; x_wconf 90' lang='lat' dir='ltr'>est</span> <span class='ocrx_word' id='word_1_269' title='bbox 1747 414 1848 457; x_wconf 88' lang='lat' dir='ltr'>Fuso-</span> 
     </span>
     <span class='ocr_line' id='line_1_55' title="bbox 1138 462 1847 514; baseline -0.003 -13"><span class='ocrx_word' id='word_1_270' title='bbox 1138 480 1184 501; x_wconf 80' lang='lat' dir='ltr'>res</span> <span class='ocrx_word' id='word_1_271' title='bbox 1209 481 1227 502; x_wconf 93' lang='lat' dir='ltr'>a</span> <span class='ocrx_word' id='word_1_272' title='bbox 1254 465 1394 502; x_wconf 87' lang='lat' dir='ltr'>Latinis</span> <span class='ocrx_word' id='word_1_273' title='bbox 1421 465 1614 514; x_wconf 88' lang='lat' dir='ltr'>appellatos</span> <span class='ocrx_word' id='word_1_274' title='bbox 1639 462 1759 506; x_wconf 80' lang='lat' dir='ltr'>fuisse,</span> <span class='ocrx_word' id='word_1_275' title='bbox 1784 463 1847 510; x_wconf 86' lang='lat' dir='ltr'>qui</span> 
     </span>
     <span class='ocr_line' id='line_1_56' title="bbox 1138 513 1846 564; baseline -0.006 -11"><span class='ocrx_word' id='word_1_276' title='bbox 1138 531 1156 553; x_wconf 86' lang='lat' dir='ltr'>e</span> <span class='ocrx_word' id='word_1_277' title='bbox 1194 518 1338 552; x_wconf 81' lang='lat' dir='ltr'>metallo</span> <span class='ocrx_word' id='word_1_278' title='bbox 1374 529 1477 564; x_wconf 88' lang='lat' dir='ltr'>opera</span> <span class='ocrx_word' id='word_1_279' title='bbox 1514 513 1724 549; x_wconf 85' lang='lat' dir='ltr'>fundebant.</span> <span class='ocrx_word' id='word_1_280' title='bbox 1763 513 1846 549; x_wconf 88' lang='lat' dir='ltr'>Inde</span> 
     </span>
     <span class='ocr_line' id='line_1_57' title="bbox 1137 563 1846 611; baseline -0.008 -9"><span class='ocrx_word' id='word_1_281' title='bbox 1137 572 1207 603; x_wconf 76' lang='lat' dir='ltr'>Ars</span> <span class='ocrx_word' id='word_1_282' title='bbox 1232 567 1386 611; x_wconf 73' lang='lat' dir='ltr'>Fufhria,</span> <span class='ocrx_word' id='word_1_283' title='bbox 1414 566 1495 610; x_wconf 84' lang='lat' dir='ltr'><em>Vasa</em></span> <span class='ocrx_word' id='word_1_284' title='bbox 1520 565 1674 608; x_wconf 65' lang='lat' dir='ltr'>Heloria,</span> <span class='ocrx_word' id='word_1_285' title='bbox 1700 563 1846 605; x_wconf 73' lang='lat' dir='ltr'>Fusuru,</span> 
     </span>
     <span class='ocr_line' id='line_1_58' title="bbox 1138 612 1845 665; baseline -0.006 -13"><span class='ocrx_word' id='word_1_286' title='bbox 1138 617 1280 661; x_wconf 78' lang='lat' dir='ltr'>Fufilis,</span> <span class='ocrx_word' id='word_1_287' title='bbox 1299 618 1365 652; x_wconf 73' lang='lat' dir='ltr'>&amp;c.</span> <span class='ocrx_word' id='word_1_288' title='bbox 1386 616 1507 665; x_wconf 81' lang='lat' dir='ltr'>Eligat</span> <span class='ocrx_word' id='word_1_289' title='bbox 1527 615 1673 663; x_wconf 90' lang='lat' dir='ltr'>prudens</span> <span class='ocrx_word' id='word_1_290' title='bbox 1694 612 1845 657; x_wconf 58' lang='lat' dir='ltr'>Leistor,</span> 
     </span>
     <span class='ocr_line' id='line_1_59' title="bbox 1138 664 1810 716; baseline -0.007 -12"><span class='ocrx_word' id='word_1_291' title='bbox 1138 667 1230 715; x_wconf 86' lang='lat' dir='ltr'>quod</span> <span class='ocrx_word' id='word_1_292' title='bbox 1259 667 1400 716; x_wconf 85' lang='lat' dir='ltr'>propius</span> <span class='ocrx_word' id='word_1_293' title='bbox 1429 679 1512 703; x_wconf 87' lang='lat' dir='ltr'>vero</span> <span class='ocrx_word' id='word_1_294' title='bbox 1538 664 1601 701; x_wconf 85' lang='lat' dir='ltr'>fibi</span> <span class='ocrx_word' id='word_1_295' title='bbox 1629 664 1810 700; x_wconf 88' lang='lat' dir='ltr'>videatur.</span> 
     </span>
    </p>
   </div>
   <div class='ocr_carea' id='block_1_16' title="bbox 1416 767 1515 858">
    <p class='ocr_par' dir='ltr' id='par_1_18' title="bbox 1416 767 1515 858">
     <span class='ocr_line' id='line_1_60' title="bbox 1416 767 1515 858; baseline 0 0"><span class='ocrx_word' id='word_1_296' title='bbox 1416 767 1515 858; x_wconf 89' lang='lat' dir='ltr'>G</span> 
     </span>
    </p>
   </div>
   <div class='ocr_carea' id='block_1_17' title="bbox 1133 918 1853 2604">
    <p class='ocr_par' dir='ltr' id='par_1_19' title="bbox 1187 918 1846 966">
     <span class='ocr_line' id='line_1_61' title="bbox 1187 918 1846 966; baseline -0.006 -11"><span class='ocrx_word' id='word_1_297' title='bbox 1187 921 1339 955; x_wconf 82' lang='lat' dir='ltr'>Abbare.</span> <span class='ocrx_word' id='word_1_298' title='bbox 1362 918 1528 966; x_wconf 68' lang='lat' dir='ltr'>Decipere.</span> <span class='ocrx_word' id='word_1_299' title='bbox 1551 918 1697 953; x_wconf 78' lang='lat' dir='ltr'>Fallere.</span> <span class='ocrx_word' id='word_1_300' title='bbox 1719 918 1753 952; x_wconf 90' lang='lat' dir='ltr'><strong>A</strong></span> <span class='ocrx_word' id='word_1_301' title='bbox 1780 918 1846 951; x_wconf 76' lang='lat' dir='ltr'>Ca-</span> 
     </span>
    </p>

    <p class='ocr_par' dir='ltr' id='par_1_20' title="bbox 1133 967 1853 2559">
     <span class='ocr_line' id='line_1_62' title="bbox 1209 967 1845 1018; baseline -0.003 -14"><span class='ocrx_word' id='word_1_302' title='bbox 1209 982 1280 1016; x_wconf 81' lang='lat' dir='ltr'>pere</span> <span class='ocrx_word' id='word_1_303' title='bbox 1307 969 1496 1018; x_wconf 79' lang='lat' dir='ltr'>suspicatur</span> <span class='ocrx_word' id='word_1_304' title='bbox 1522 968 1709 1016; x_wconf 82' lang='lat' dir='ltr'>Menagius</span> <span class='ocrx_word' id='word_1_305' title='bbox 1737 967 1845 1002; x_wconf 86' lang='lat' dir='ltr'>dedu-</span> 
     </span>
     <span class='ocr_line' id='line_1_63' title="bbox 1135 1015 1846 1064; baseline -0.007 -9"><span class='ocrx_word' id='word_1_306' title='bbox 1135 1020 1226 1055; x_wconf 66' lang='lat' dir='ltr'>&amp;am</span> <span class='ocrx_word' id='word_1_307' title='bbox 1265 1020 1353 1056; x_wconf 90' lang='lat' dir='ltr'>hanc</span> <span class='ocrx_word' id='word_1_308' title='bbox 1396 1033 1541 1058; x_wconf 83' lang='lat' dir='ltr'>vocem,</span> <span class='ocrx_word' id='word_1_309' title='bbox 1578 1019 1637 1053; x_wconf 88' lang='lat' dir='ltr'>ubi</span> <span class='ocrx_word' id='word_1_310' title='bbox 1675 1015 1846 1064; x_wconf 77' lang='lat' dir='ltr'>significat</span> 
     </span>
     <span class='ocr_line' id='line_1_64' title="bbox 1134 1066 1847 1116; baseline -0.007 -11"><span class='ocrx_word' id='word_1_311' title='bbox 1134 1072 1301 1116; x_wconf 79' lang='lat' dir='ltr'>Decipere.</span> <span class='ocrx_word' id='word_1_312' title='bbox 1338 1072 1386 1104; x_wconf 85' lang='lat' dir='ltr'>Et</span> <span class='ocrx_word' id='word_1_313' title='bbox 1420 1070 1497 1105; x_wconf 82' lang='lat' dir='ltr'>sane</span> <span class='ocrx_word' id='word_1_314' title='bbox 1526 1069 1598 1104; x_wconf 84' lang='lat' dir='ltr'>veri</span> <span class='ocrx_word' id='word_1_315' title='bbox 1638 1068 1759 1104; x_wconf 83' lang='lat' dir='ltr'>fimilis</span> <span class='ocrx_word' id='word_1_316' title='bbox 1790 1066 1847 1101; x_wconf 88' lang='lat' dir='ltr'>vi-</span> 
     </span>
     <span class='ocr_line' id='line_1_65' title="bbox 1135 1118 1846 1166; baseline -0.003 -14"><span class='ocrx_word' id='word_1_317' title='bbox 1135 1118 1234 1153; x_wconf 86' lang='lat' dir='ltr'>detur</span> <span class='ocrx_word' id='word_1_318' title='bbox 1262 1119 1432 1166; x_wconf 86' lang='lat' dir='ltr'>ejusmodi</span> <span class='ocrx_word' id='word_1_319' title='bbox 1460 1118 1712 1166; x_wconf 82' lang='lat' dir='ltr'>Etymologia,</span> <span class='ocrx_word' id='word_1_320' title='bbox 1740 1128 1846 1164; x_wconf 87' lang='lat' dir='ltr'>quam</span> 
     </span>
     <span class='ocr_line' id='line_1_66' title="bbox 1133 1167 1849 1215; baseline -0.004 -13"><span class='ocrx_word' id='word_1_321' title='bbox 1133 1168 1311 1203; x_wconf 68' lang='lat' dir='ltr'>invee&#39;iam</span> <span class='ocrx_word' id='word_1_322' title='bbox 1342 1167 1504 1215; x_wconf 82' lang='lat' dir='ltr'>suspicari</span> <span class='ocrx_word' id='word_1_323' title='bbox 1541 1168 1628 1202; x_wconf 89' lang='lat' dir='ltr'>licet</span> <span class='ocrx_word' id='word_1_324' title='bbox 1655 1180 1673 1201; x_wconf 89' lang='lat' dir='ltr'>a</span> <span class='ocrx_word' id='word_1_325' title='bbox 1701 1167 1849 1201; x_wconf 87' lang='lat' dir='ltr'>tenden-</span> 
     </span>
     <span class='ocr_line' id='line_1_67' title="bbox 1135 1216 1847 1265; baseline -0.004 -12"><span class='ocrx_word' id='word_1_326' title='bbox 1135 1218 1229 1253; x_wconf 83' lang='lat' dir='ltr'>tibus</span> <span class='ocrx_word' id='word_1_327' title='bbox 1256 1219 1398 1265; x_wconf 80' lang='lat' dir='ltr'>laqueos</span> <span class='ocrx_word' id='word_1_328' title='bbox 1427 1218 1467 1254; x_wconf 89' lang='lat' dir='ltr'>ad</span> <span class='ocrx_word' id='word_1_329' title='bbox 1499 1217 1681 1265; x_wconf 80' lang='lat' dir='ltr'>capiendas</span> <span class='ocrx_word' id='word_1_330' title='bbox 1707 1229 1786 1251; x_wconf 84' lang='lat' dir='ltr'>aves</span> <span class='ocrx_word' id='word_1_331' title='bbox 1812 1216 1847 1250; x_wconf 86' lang='lat'>&amp;</span> 
     </span>
     <span class='ocr_line' id='line_1_68' title="bbox 1134 1267 1849 1315; baseline -0.006 -12"><span class='ocrx_word' id='word_1_332' title='bbox 1134 1267 1244 1304; x_wconf 85' lang='lat' dir='ltr'>feras.</span> <span class='ocrx_word' id='word_1_333' title='bbox 1272 1271 1393 1315; x_wconf 72' lang='lat' dir='ltr'>Cappin</span> <span class='ocrx_word' id='word_1_334' title='bbox 1421 1268 1521 1303; x_wconf 87' lang='lat' dir='ltr'>nobis</span> <span class='ocrx_word' id='word_1_335' title='bbox 1557 1268 1752 1314; x_wconf 85' lang='lat' dir='ltr'>appellatur</span> <span class='ocrx_word' id='word_1_336' title='bbox 1778 1268 1849 1300; x_wconf 83' lang='lat' dir='ltr'>No-</span> 
     </span>
     <span class='ocr_line' id='line_1_69' title="bbox 1133 1316 1849 1364; baseline -0.004 -12"><span class='ocrx_word' id='word_1_337' title='bbox 1133 1321 1193 1352; x_wconf 81' lang='lat' dir='ltr'>dus</span> <span class='ocrx_word' id='word_1_338' title='bbox 1221 1321 1339 1353; x_wconf 75' lang='lat' dir='ltr'>laxus:</span> <span class='ocrx_word' id='word_1_339' title='bbox 1376 1319 1467 1364; x_wconf 85' lang='lat' dir='ltr'>quod</span> <span class='ocrx_word' id='word_1_340' title='bbox 1507 1330 1633 1351; x_wconf 71' lang='lat' dir='ltr'>nomen</span> <span class='ocrx_word' id='word_1_341' title='bbox 1662 1330 1680 1351; x_wconf 85' lang='lat' dir='ltr'>a</span> <span class='ocrx_word' id='word_1_342' title='bbox 1708 1316 1849 1362; x_wconf 76' lang='lat' dir='ltr'>Cupien-</span> 
     </span>
     <span class='ocr_line' id='line_1_70' title="bbox 1133 1365 1848 1412; baseline -0.001 -11"><span class='ocrx_word' id='word_1_343' title='bbox 1133 1370 1173 1401; x_wconf 84' lang='lat' dir='ltr'>do</span> <span class='ocrx_word' id='word_1_344' title='bbox 1199 1368 1419 1409; x_wconf 85' lang='lat' dir='ltr'>desumtum,</span> <span class='ocrx_word' id='word_1_345' title='bbox 1447 1379 1554 1412; x_wconf 84' lang='lat' dir='ltr'>quum</span> <span class='ocrx_word' id='word_1_346' title='bbox 1584 1367 1629 1400; x_wconf 85' lang='lat' dir='ltr'>iis</span> <span class='ocrx_word' id='word_1_347' title='bbox 1658 1365 1772 1401; x_wconf 88' lang='lat' dir='ltr'>Nodis</span> <span class='ocrx_word' id='word_1_348' title='bbox 1800 1365 1848 1400; x_wconf 90' lang='lat' dir='ltr'>il·-</span> 
     </span>
     <span class='ocr_line' id='line_1_71' title="bbox 1134 1415 1847 1465; baseline -0.003 -13"><span class='ocrx_word' id='word_1_349' title='bbox 1134 1418 1381 1465; x_wconf 86' lang='lat' dir='ltr'>laquearentur</span> <span class='ocrx_word' id='word_1_350' title='bbox 1409 1418 1568 1452; x_wconf 85' lang='lat' dir='ltr'>volucres</span> <span class='ocrx_word' id='word_1_351' title='bbox 1605 1415 1642 1451; x_wconf 84' lang='lat'>&amp;</span> <span class='ocrx_word' id='word_1_352' title='bbox 1671 1415 1781 1451; x_wconf 84' lang='lat' dir='ltr'>ferae.</span> <span class='ocrx_word' id='word_1_353' title='bbox 1809 1417 1847 1451; x_wconf 93' lang='lat' dir='ltr'>A</span> 
     </span>
     <span class='ocr_line' id='line_1_72' title="bbox 1133 1467 1848 1515; baseline -0.004 -13"><span class='ocrx_word' id='word_1_354' title='bbox 1133 1469 1256 1515; x_wconf 78' lang='lat' dir='ltr'>Cappio</span> <span class='ocrx_word' id='word_1_355' title='bbox 1291 1468 1470 1514; x_wconf 80' lang='lat' dir='ltr'>Cappiare‚</span> <span class='ocrx_word' id='word_1_356' title='bbox 1499 1467 1591 1514; x_wconf 88' lang='lat' dir='ltr'>quod</span> <span class='ocrx_word' id='word_1_357' title='bbox 1628 1467 1666 1501; x_wconf 87' lang='lat' dir='ltr'>in</span> <span class='ocrx_word' id='word_1_358' title='bbox 1703 1467 1848 1500; x_wconf 78' lang='lat' dir='ltr'>Gabbare</span> 
     </span>
     <span class='ocr_line' id='line_1_73' title="bbox 1133 1516 1848 1566; baseline -0.003 -13"><span class='ocrx_word' id='word_1_359' title='bbox 1133 1518 1261 1553; x_wconf 86' lang='lat' dir='ltr'>leniter</span> <span class='ocrx_word' id='word_1_360' title='bbox 1303 1518 1568 1566; x_wconf 85' lang='lat' dir='ltr'>pronuntiatum</span> <span class='ocrx_word' id='word_1_361' title='bbox 1608 1516 1743 1552; x_wconf 77' lang='lat' dir='ltr'>evafifl‘e</span> <span class='ocrx_word' id='word_1_362' title='bbox 1784 1529 1848 1564; x_wconf 89' lang='lat' dir='ltr'>po-</span> 
     </span>
     <span class='ocr_line' id='line_1_74' title="bbox 1133 1568 1847 1614; baseline -0.006 -11"><span class='ocrx_word' id='word_1_363' title='bbox 1133 1568 1229 1603; x_wconf 85' lang='lat' dir='ltr'>tuit.</span> <span class='ocrx_word' id='word_1_364' title='bbox 1268 1571 1468 1611; x_wconf 81' lang='lat' dir='ltr'>Attamen,</span> <span class='ocrx_word' id='word_1_365' title='bbox 1506 1579 1614 1614; x_wconf 85' lang='lat' dir='ltr'>quum</span> <span class='ocrx_word' id='word_1_366' title='bbox 1655 1580 1673 1601; x_wconf 89' lang='lat' dir='ltr'>e</span> <span class='ocrx_word' id='word_1_367' title='bbox 1709 1568 1847 1610; x_wconf 79' lang='lat' dir='ltr'>Capiare</span> 
     </span>
     <span class='ocr_line' id='line_1_75' title="bbox 1134 1615 1846 1666; baseline -0.006 -13"><span class='ocrx_word' id='word_1_368' title='bbox 1134 1618 1252 1666; x_wconf 87' lang='lat' dir='ltr'>potius</span> <span class='ocrx_word' id='word_1_369' title='bbox 1306 1617 1471 1653; x_wconf 74' lang='lat' dir='ltr'>emerfiss&#39;e</span> <span class='ocrx_word' id='word_1_370' title='bbox 1525 1626 1641 1663; x_wconf 88' lang='lat' dir='ltr'>putem</span> <span class='ocrx_word' id='word_1_371' title='bbox 1694 1615 1846 1650; x_wconf 85' lang='lat' dir='ltr'>nostrum</span> 
     </span>
     <span class='ocr_line' id='line_1_76' title="bbox 1134 1665 1847 1715; baseline -0.006 -12"><span class='ocrx_word' id='word_1_372' title='bbox 1134 1669 1338 1715; x_wconf 80' lang='lat' dir='ltr'>Chiappare,</span> <span class='ocrx_word' id='word_1_373' title='bbox 1364 1667 1612 1715; x_wconf 86' lang='lat' dir='ltr'>inquirendum</span> <span class='ocrx_word' id='word_1_374' title='bbox 1642 1665 1752 1701; x_wconf 88' lang='lat' dir='ltr'>adhuc</span> <span class='ocrx_word' id='word_1_375' title='bbox 1779 1665 1847 1709; x_wconf 79' lang='lat' dir='ltr'>est,</span> 
     </span>
     <span class='ocr_line' id='line_1_77' title="bbox 1136 1716 1846 1761; baseline -0.008 -7"><span class='ocrx_word' id='word_1_376' title='bbox 1136 1732 1178 1754; x_wconf 86' lang='lat' dir='ltr'>an</span> <span class='ocrx_word' id='word_1_377' title='bbox 1219 1733 1262 1754; x_wconf 91' lang='lat' dir='ltr'>ex</span> <span class='ocrx_word' id='word_1_378' title='bbox 1301 1719 1457 1754; x_wconf 87' lang='lat' dir='ltr'>Arabico</span> <span class='ocrx_word' id='word_1_379' title='bbox 1494 1719 1652 1756; x_wconf 84' lang='lat' dir='ltr'><em>Chabba,</em></span> <span class='ocrx_word' id='word_1_380' title='bbox 1690 1716 1846 1761; x_wconf 81' lang='lat' dir='ltr'>Decepit,</span> 
     </span>
     <span class='ocr_line' id='line_1_78' title="bbox 1134 1764 1848 1811; baseline -0.006 -7"><span class='ocrx_word' id='word_1_381' title='bbox 1134 1771 1289 1811; x_wconf 75' lang='lat' dir='ltr'>seduxit,</span> <span class='ocrx_word' id='word_1_382' title='bbox 1322 1783 1384 1804; x_wconf 90' lang='lat' dir='ltr'>nos</span> <span class='ocrx_word' id='word_1_383' title='bbox 1421 1767 1720 1804; x_wconf 86' lang='lat' dir='ltr'>efformaverimus</span> <span class='ocrx_word' id='word_1_384' title='bbox 1758 1764 1848 1800; x_wconf 67' lang='lat' dir='ltr'>Gala-</span> 
     </span>
     <span class='ocr_line' id='line_1_79' title="bbox 1135 1817 1846 1864; baseline -0.008 -10"><span class='ocrx_word' id='word_1_385' title='bbox 1135 1822 1226 1855; x_wconf 65' lang='lat' dir='ltr'>bare.</span> <span class='ocrx_word' id='word_1_386' title='bbox 1255 1819 1310 1854; x_wconf 85' lang='lat' dir='ltr'>Est</span> <span class='ocrx_word' id='word_1_387' title='bbox 1338 1821 1369 1854; x_wconf 77' lang='lat'>8&lt;</span> <span class='ocrx_word' id='word_1_388' title='bbox 1401 1820 1456 1854; x_wconf 86' lang='lat' dir='ltr'>illi</span> <span class='ocrx_word' id='word_1_389' title='bbox 1485 1819 1645 1864; x_wconf 75' lang='lat' dir='ltr'>Linguae</span> <span class='ocrx_word' id='word_1_390' title='bbox 1672 1817 1846 1859; x_wconf 41' lang='lat' dir='ltr'>Chaz&#39;sbon,</span> 
     </span>
     <span class='ocr_line' id='line_1_80' title="bbox 1135 1869 1846 1914; baseline -0.008 -9"><span class='ocrx_word' id='word_1_391' title='bbox 1135 1874 1307 1914; x_wconf 81' lang='lat' dir='ltr'>Deceptor,</span> <span class='ocrx_word' id='word_1_392' title='bbox 1343 1869 1518 1910; x_wconf 57' lang='lat' dir='ltr'>seduffor,</span> <span class='ocrx_word' id='word_1_393' title='bbox 1557 1869 1710 1911; x_wconf 85' lang='lat' dir='ltr'>Dolosus‚</span> <span class='ocrx_word' id='word_1_394' title='bbox 1740 1869 1846 1900; x_wconf 76' lang='lat' dir='ltr'>Frau-</span> 
     </span>
     <span class='ocr_line' id='line_1_81' title="bbox 1136 1916 1848 1960; baseline -0.007 -5"><span class='ocrx_word' id='word_1_395' title='bbox 1136 1922 1306 1956; x_wconf 74' lang='lat' dir='ltr'>dulenaeus.</span> <span class='ocrx_word' id='word_1_396' title='bbox 1355 1919 1613 1956; x_wconf 86' lang='lat' dir='ltr'>Mercatoribus</span> <span class='ocrx_word' id='word_1_397' title='bbox 1656 1916 1848 1960; x_wconf 85' lang='lat' dir='ltr'>Arabicis,</span> 
     </span>
     <span class='ocr_line' id='line_1_82' title="bbox 1136 1966 1846 2006; baseline -0.008 0"><span class='ocrx_word' id='word_1_398' title='bbox 1136 1972 1287 2006; x_wconf 86' lang='lat' dir='ltr'>multum</span> <span class='ocrx_word' id='word_1_399' title='bbox 1316 1972 1404 2006; x_wconf 90' lang='lat' dir='ltr'>olim</span> <span class='ocrx_word' id='word_1_400' title='bbox 1447 1968 1652 2005; x_wconf 86' lang='lat' dir='ltr'>commercii</span> <span class='ocrx_word' id='word_1_401' title='bbox 1684 1966 1846 2002; x_wconf 79' lang='lat' dir='ltr'>habenti·</span> 
     </span>
     <span class='ocr_line' id='line_1_83' title="bbox 1136 2015 1849 2065; baseline -0.007 -9"><span class='ocrx_word' id='word_1_402' title='bbox 1136 2022 1197 2057; x_wconf 91' lang='lat' dir='ltr'>bus</span> <span class='ocrx_word' id='word_1_403' title='bbox 1226 2035 1303 2056; x_wconf 90' lang='lat' dir='ltr'>cum</span> <span class='ocrx_word' id='word_1_404' title='bbox 1339 2021 1458 2059; x_wconf 85' lang='lat' dir='ltr'>Italis,</span> <span class='ocrx_word' id='word_1_405' title='bbox 1488 2020 1524 2056; x_wconf 87' lang='lat' dir='ltr'>in</span> <span class='ocrx_word' id='word_1_406' title='bbox 1554 2019 1611 2055; x_wconf 91' lang='lat' dir='ltr'>usu</span> <span class='ocrx_word' id='word_1_407' title='bbox 1651 2017 1746 2065; x_wconf 87' lang='lat' dir='ltr'>saepe</span> <span class='ocrx_word' id='word_1_408' title='bbox 1775 2015 1849 2051; x_wconf 90' lang='lat' dir='ltr'>fue-</span> 
     </span>
     <span class='ocr_line' id='line_1_84' title="bbox 1136 2065 1849 2118; baseline -0.01 -11"><span class='ocrx_word' id='word_1_409' title='bbox 1136 2072 1184 2107; x_wconf 87' lang='lat' dir='ltr'>rit</span> <span class='ocrx_word' id='word_1_410' title='bbox 1211 2085 1282 2107; x_wconf 82' lang='lat' dir='ltr'>vox</span> <span class='ocrx_word' id='word_1_411' title='bbox 1310 2071 1390 2107; x_wconf 86' lang='lat' dir='ltr'>ista:</span> <span class='ocrx_word' id='word_1_412' title='bbox 1421 2083 1525 2118; x_wconf 90' lang='lat' dir='ltr'>quare</span> <span class='ocrx_word' id='word_1_413' title='bbox 1553 2082 1627 2104; x_wconf 87' lang='lat' dir='ltr'>eam</span> <span class='ocrx_word' id='word_1_414' title='bbox 1660 2067 1764 2103; x_wconf 86' lang='lat' dir='ltr'>facile</span> <span class='ocrx_word' id='word_1_415' title='bbox 1793 2065 1849 2101; x_wconf 85' lang='lat' dir='ltr'>in-</span> 
     </span>
     <span class='ocr_line' id='line_1_85' title="bbox 1137 2116 1851 2164; baseline -0.01 -7"><span class='ocrx_word' id='word_1_416' title='bbox 1137 2122 1179 2156; x_wconf 88' lang='lat' dir='ltr'>de</span> <span class='ocrx_word' id='word_1_417' title='bbox 1206 2122 1289 2157; x_wconf 88' lang='lat' dir='ltr'>Itali</span> <span class='ocrx_word' id='word_1_418' title='bbox 1326 2120 1538 2161; x_wconf 85' lang='lat' dir='ltr'>didicerint,</span> <span class='ocrx_word' id='word_1_419' title='bbox 1569 2118 1731 2164; x_wconf 87' lang='lat' dir='ltr'>suamque</span> <span class='ocrx_word' id='word_1_420' title='bbox 1759 2116 1851 2151; x_wconf 91' lang='lat' dir='ltr'>fece-</span> 
     </span>
     <span class='ocr_line' id='line_1_86' title="bbox 1138 2166 1850 2218; baseline -0.01 -11"><span class='ocrx_word' id='word_1_421' title='bbox 1138 2171 1210 2207; x_wconf 88' lang='lat' dir='ltr'>rint</span> <span class='ocrx_word' id='word_1_422' title='bbox 1223 2198 1230 2206; x_wconf 93' lang='lat'>.</span> <span class='ocrx_word' id='word_1_423' title='bbox 1247 2170 1400 2207; x_wconf 89' lang='lat' dir='ltr'>Consule</span> <span class='ocrx_word' id='word_1_424' title='bbox 1416 2171 1590 2218; x_wconf 70' lang='lat' dir='ltr'>Giggeum</span> <span class='ocrx_word' id='word_1_425' title='bbox 1608 2167 1644 2203; x_wconf 76' lang='grc' dir='ltr'>ἃ</span> <span class='ocrx_word' id='word_1_426' title='bbox 1662 2166 1824 2202; x_wconf 90' lang='lat' dir='ltr'>Gollium</span> <span class='ocrx_word' id='word_1_427' title='bbox 1838 2192 1850 2210; x_wconf 87' lang='lat'>,</span> 
     </span>
     <span class='ocr_line' id='line_1_87' title="bbox 1141 2218 1790 2269; baseline -0.009 -12"><span class='ocrx_word' id='word_1_428' title='bbox 1141 2222 1201 2269; x_wconf 91' lang='lat' dir='ltr'>qui</span> <span class='ocrx_word' id='word_1_429' title='bbox 1232 2221 1308 2257; x_wconf 89' lang='lat' dir='ltr'>sunt</span> <span class='ocrx_word' id='word_1_430' title='bbox 1336 2221 1425 2257; x_wconf 89' lang='lat' dir='ltr'>mihi</span> <span class='ocrx_word' id='word_1_431' title='bbox 1456 2220 1550 2255; x_wconf 80' lang='lat' dir='ltr'>restes</span> <span class='ocrx_word' id='word_1_432' title='bbox 1579 2219 1615 2254; x_wconf 90' lang='lat' dir='ltr'>in</span> <span class='ocrx_word' id='word_1_433' title='bbox 1644 2218 1707 2253; x_wconf 83' lang='lat' dir='ltr'>hac</span> <span class='ocrx_word' id='word_1_434' title='bbox 1735 2230 1790 2252; x_wconf 85' lang='lat' dir='ltr'>re.</span> 
     </span>
     <span class='ocr_line' id='line_1_88' title="bbox 1557 2267 1850 2304; baseline -0.007 0"><span class='ocrx_word' id='word_1_435' title='bbox 1557 2268 1661 2304; x_wconf 72' lang='lat' dir='ltr'>Fortis</span> <span class='ocrx_word' id='word_1_436' title='bbox 1701 2267 1850 2302; x_wconf 77' lang='lat' dir='ltr'>viribus.</span> 
     </span>
     <span class='ocr_line' id='line_1_89' title="bbox 1142 2317 1849 2370; baseline -0.008 -13"><span class='ocrx_word' id='word_1_437' title='bbox 1142 2321 1260 2357; x_wconf 82' lang='lat' dir='ltr'>Multa</span> <span class='ocrx_word' id='word_1_438' title='bbox 1293 2321 1334 2358; x_wconf 89' lang='lat' dir='ltr'>de</span> <span class='ocrx_word' id='word_1_439' title='bbox 1370 2321 1508 2370; x_wconf 80' lang='lat' dir='ltr'>origine</span> <span class='ocrx_word' id='word_1_440' title='bbox 1546 2318 1708 2355; x_wconf 89' lang='lat' dir='ltr'>vocabuli</span> <span class='ocrx_word' id='word_1_441' title='bbox 1747 2317 1849 2352; x_wconf 72' lang='lat' dir='ltr'>hussus</span> 
     </span>
     <span class='ocr_line' id='line_1_90' title="bbox 1142 2367 1849 2419; baseline -0.01 -11"><span class='ocrx_word' id='word_1_442' title='bbox 1142 2374 1300 2408; x_wconf 88' lang='lat' dir='ltr'>Borellus</span> <span class='ocrx_word' id='word_1_443' title='bbox 1322 2400 1331 2416; x_wconf 97' lang='lat'>,</span> <span class='ocrx_word' id='word_1_444' title='bbox 1376 2375 1432 2407; x_wconf 91' lang='lat' dir='ltr'>Du</span> <span class='ocrx_word' id='word_1_445' title='bbox 1453 2370 1608 2419; x_wconf 85' lang='lat' dir='ltr'>Cangius</span> <span class='ocrx_word' id='word_1_446' title='bbox 1626 2394 1635 2409; x_wconf 87' lang='lat'>,</span> <span class='ocrx_word' id='word_1_447' title='bbox 1683 2367 1821 2402; x_wconf 84' lang='lat' dir='ltr'>Voffius</span> <span class='ocrx_word' id='word_1_448' title='bbox 1839 2393 1849 2411; x_wconf 88' lang='lat'>‚</span> 
     </span>
     <span class='ocr_line' id='line_1_91' title="bbox 1144 2418 1853 2469; baseline -0.008 -11"><span class='ocrx_word' id='word_1_449' title='bbox 1144 2423 1318 2458; x_wconf 80' lang='lat' dir='ltr'>Ferrarius</span> <span class='ocrx_word' id='word_1_450' title='bbox 1343 2447 1353 2462; x_wconf 92' lang='lat'><em>‚</em></span> <span class='ocrx_word' id='word_1_451' title='bbox 1394 2424 1425 2457; x_wconf 90' lang='lat'>&amp;</span> <span class='ocrx_word' id='word_1_452' title='bbox 1469 2420 1658 2469; x_wconf 82' lang='lat' dir='ltr'>Menagius</span> <span class='ocrx_word' id='word_1_453' title='bbox 1699 2418 1853 2454; x_wconf 87' lang='lat' dir='ltr'>habent.</span> 
     </span>
     <span class='ocr_line' id='line_1_92' title="bbox 1144 2467 1851 2520; baseline -0.01 -12"><span class='ocrx_word' id='word_1_454' title='bbox 1144 2475 1221 2520; x_wconf 78' lang='lat' dir='ltr'>Ego</span> <span class='ocrx_word' id='word_1_455' title='bbox 1271 2473 1440 2508; x_wconf 88' lang='lat' dir='ltr'>incertam</span> <span class='ocrx_word' id='word_1_456' title='bbox 1492 2471 1602 2506; x_wconf 91' lang='lat' dir='ltr'>adhuc</span> <span class='ocrx_word' id='word_1_457' title='bbox 1652 2479 1736 2517; x_wconf 81' lang='lat' dir='ltr'>puto</span> <span class='ocrx_word' id='word_1_458' title='bbox 1760 2494 1769 2503; x_wconf 87' lang='lat'><strong>.</strong></span> <span class='ocrx_word' id='word_1_459' title='bbox 1817 2467 1851 2501; x_wconf 88' lang='lat' dir='ltr'>A</span> 
     </span>
     <span class='ocr_line' id='line_1_93' title="bbox 1145 2518 1853 2559; baseline -0.007 0"><span class='ocrx_word' id='word_1_460' title='bbox 1145 2524 1260 2559; x_wconf 78' lang='lat' dir='ltr'>Gallus</span> <span class='ocrx_word' id='word_1_461' title='bbox 1297 2531 1389 2559; x_wconf 89' lang='lat' dir='ltr'>certe</span> <span class='ocrx_word' id='word_1_462' title='bbox 1422 2520 1620 2558; x_wconf 82' lang='lat' dir='ltr'>deducenda</span> <span class='ocrx_word' id='word_1_463' title='bbox 1655 2518 1745 2555; x_wconf 88' lang='lat' dir='ltr'>mihi</span> <span class='ocrx_word' id='word_1_464' title='bbox 1783 2529 1853 2553; x_wconf 89' lang='lat' dir='ltr'>non</span> 
     </span>
    </p>

    <p class='ocr_par' dir='ltr' id='par_1_21' title="bbox 1726 2581 1800 2604">
     <span class='ocr_line' id='line_1_94' title="bbox 1726 2581 1800 2604; baseline 0.014 -1"><span class='ocrx_word' id='word_1_465' title='bbox 1726 2581 1800 2604; x_wconf 86' lang='lat' dir='ltr'>cre-</span> 
     </span>
    </p>
   </div>
  </div>
 </body>
</html>
