2169 3047
432 219 516 268 467
773 212 948 256 ANTI

961 211 1148 270 QJJT.
1187 210 1402 255 MEDII
1436 211 1600 255 AEVI
1855 219 1940 269 4⁶ss

373 273 449 316 Jarn
480 268 655 315 vidimus,
693 270 796 318 ipsius
841 272 1004 308 Rotharis
1042 274 1138 308 Lan·
1169 272 1203 306 A
1239 271 1427 308 scribendis
1454 271 1619 315 Chattis,
1650 284 1766 321 parem
1794 284 1933 321 quoque
1960 272 1998 308 in

373 321 605 369 gobardorum
638 322 741 372 Regis
770 337 878 368 aevo,
915 322 998 359 idest
1034 322 1136 358 circi-

375 381 429 407 ter
457 374 602 408 Annum
631 377 716 422 643.
746 378 884 410 Tornare
924 374 1016 410 idem
1045 372 1137 422 quod

373 435 467 458 nunc
496 422 718 472 significasse.
766 424 955 461 kuefius
999 437 1138 472 quoque

373 473 412 509 in
442 475 682 510 Grammatica
713 475 1057 511 Franco-Theotisca
1078 489 1137 511 au—

375 523 452 560 ἃοι·
479 525 545 570 est,
583 525 753 561 Scardicis
794 528 826 561 &
867 527 1048 562 Islandicis
1078 539 1135 574 po-

374 575 469 624 pulis
496 587 531 610 at
568 579 679 610 Turna
716 577 780 612 effe
816 580 1024 615 Convertere,
1064 577 1138 610 Cir-

375 638 559 672 cumagere,
606 625 644 662 &
685 627 766 662 inde
805 637 926 662 natum
975 627 1136 662 Italicum

374 679 626 720 Torneamento,
663 678 695 712 8<
734 678 913 713 Gallicum
955 681 1040 712 Tour
1078 691 1138 722 pro

371 729 479 772 Gyro,
507 725 544 762 ἃ
575 732 730 762 Tourner.
762 730 800 762 In
829 730 960 763 Charta
989 730 1136 764 Vultur·
1179 724 1206 757 B

370 776 482 812 nensis
510 777 686 814 Chronici
710 780 801 814 Part.
826 781 870 814 ΙΙ.
887 781 994 814 Tom.
1018 781 1044 814 Ι.
1060 781 1136 815 Rer.

368 826 451 863 Ital.
474 827 600 876 scripta
632 832 737 865 Anno
766 829 833 865 Ch.
871 833 954 875 835.
985 829 1134 878 legitur:

370 878 410 912 Si
438 892 489 913 nos
516 890 570 926 per
597 880 756 927 quodlibet
784 881 945 927 ingenium
974 885 1135 915 Returna-

369 940 402 963 re
429 930 668 976 quaesierimus.
698 931 793 966 Hinc
822 931 925 967 habes
954 930 1042 980 apud
1065 933 1136 967 Ita-

372 980 425 1015 los
454 980 706 1029 antiquitatem
737 982 855 1018 vocis.

425 1031 531 1076 Quod
560 1031 582 1066 fi
611 1033 780 1075 Chartas,
823 1033 1040 1081 temporibus
1069 1036 1133 1068 Re-

374 1094 456 1129 gum
501 1083 836 1131 Langobardorum,
880 1097 918 1119 ac
946 1084 1135 1119 Caesarum
1173 1111 1182 1119 .

373 1135 610 1176 Francorum,
662 1133 804 1180 scriptas
823 1162 831 1178 ,
883 1134 1136 1181 percurrimus,

372 1182 492 1218 eadem
536 1183 678 1231 vestigia
720 1184 881 1232 Linguae
923 1184 1055 1219 nostrae
1082 1183 1133 1219 of-

372 1233 573 1269 fendimus.
624 1236 731 1269 Certe
781 1248 853 1270 non
895 1235 984 1270 alius
1025 1234 1136 1270 sermo

374 1297 479 1331 quam
510 1284 659 1320 Latinus
688 1284 865 1320 adhibitus
907 1295 991 1320 tunc
1041 1285 1135 1325 fuit,

373 1347 481 1382 quum
511 1334 625 1371 literis
653 1335 881 1382 consignanda
909 1344 1008 1370 erant
1045 1335 1135 1370 Afi'ca

374 1386 542 1433 publica,
582 1384 620 1422 &
659 1386 816 1433 privatae
855 1385 969 1432 gentis
997 1395 1136 1420 contra-

374 1436 471 1472 ἕως.
500 1438 624 1483 Neque
661 1435 771 1470 alium
809 1435 968 1482 usurpare
1009 1434 1136 1471 licuit.

375 1487 521 1524 Notarii
549 1486 610 1534 ipfi
639 1486 778 1530 Legibus
804 1487 920 1520 eruditi
948 1485 1012 1521 effe
1041 1486 1132 1533 jube—

375 1537 526 1576 bantur,
563 1546 602 1571 ut
638 1535 802 1571 scribitur
839 1536 876 1572 in
918 1538 1013 1583 Lege
1042 1539 1137 1573 Lan-

374 1587 455 1635 gob.
484 1599 545 1634 94.
581 1585 749 1622 Lotharii
797 1589 823 1622 Ι.
865 1587 1038 1635 Augusti.
1082 1589 1137 1622 Ac

371 1648 557 1686 propterea
585 1636 719 1673 Literis
748 1637 902 1685 aliquam
935 1639 1015 1673 dare
1055 1652 1135 1685 ope-

373 1701 448 1724 ram
486 1688 720 1736 cogebantur,
770 1698 808 1723 ut
858 1688 980 1724 saltem
1029 1691 1139 1737 Leges

375 1738 509 1774 Latine
549 1738 692 1785 scriptas
738 1738 938 1786 intelligere
985 1739 1139 1788 possent,

377 1788 548 1836 fimulque
599 1787 745 1824 scribere
794 1790 924 1825 Latine
970 1790 1140 1839 temporis

376 1839 477 1875 illius
505 1839 678 1875 Chartas.
707 1838 844 1874 Adsunt
873 1851 988 1876 autem
1018 1842 1054 1877 in
1083 1855 1136 1877 eo-

378 1903 456 1926 rum
486 1889 623 1938 scriptis
651 1889 860 1925 Barbarismi
882 1892 912 1925 8<
937 1892 1143 1928 soloecismi

378 1940 578 1976 innumeri.
616 1940 747 1986 Quaeri
785 1954 867 1988 ergo
895 1941 1029 1989 potest,
1057 1956 1140 1978 num

377 1991 424 2027 iis
463 1990 680 2031 temporibus
727 1993 875 2038 populus
917 1994 1140 2040 loqueretur,

379 2042 434 2078 uti
464 2042 608 2078 Notarii
636 2041 856 2078 scribebant.
885 2045 981 2079 Inter
1008 2053 1062 2079 tot
1091 2054 1141 2079 te-

379 2094 502 2129 nebras
543 2092 800 2139 antiquitatiS,
844 2093 933 2129 mihi
986 2106 1142 2138 certum,

380 2143 494 2179 immo
522 2143 747 2179 certiffimum
778 2144 939 2186 videtur,
971 2144 1036 2190 jam
1067 2156 1140 2180 tum

379 2207 399 2229 a
428 2193 659 2229 Notariorum
690 2193 845 2230 sermone
882 2196 985 2241 longe
1027 2195 1142 2231 diver-

379 2244 452 2280 sam
480 2243 578 2280 fuiffe
607 2244 704 2292 vulgi
736 2244 909 2292 Linguam
947 2245 983 2280 in
1014 2247 1141 2282 Italia.

381 2295 488 2341 Quod
509 2295 547 2330 in
568 2294 687 2330 Gallia
709 2293 838 2330 sagium
856 2295 1009 2331 vidimus
1027 2311 1067 2332 ex
1093 2298 1137 2341 ju-

385 2345 571 2395 rejurando
598 2345 776 2382 Ludovici
807 2346 910 2394 Regis
932 2349 1038 2391 Anno
1060 2351 1142 2393 842.

382 2397 475 2432 idem
504 2410 642 2444 quoque
672 2396 708 2431 in
738 2398 841 2432 Italia
870 2398 1053 2443 contigisse
1085 2412 1143 2446 par

383 2448 427 2483 est
451 2448 607 2484 credere.
636 2450 681 2483 Et
709 2446 807 2483 ficuti
830 2448 866 2483 in
888 2449 1027 2488 Gallia,
1056 2452 1142 2484 Ger-

382 2499 521 2542 mania,
551 2498 683 2547 Anglia
713 2499 940 2534 Tabelliones
962 2513 1031 2534 non
1055 2501 1142 2534 Vul—

382 2551 478 2600 gari,
508 2549 563 2587 sed
591 2550 722 2587 Latina
759 2551 947 2587 utebantur
987 2551 1024 2586 in
1063 2564 1175 2597 con—¹

1240 322 1343 358 Italia
1372 336 1503 358 morem
1534 323 1705 359 servatum
1735 322 1833 359 fuisse
1871 323 1999 359 merito

1241 374 1447 410 cred-<ndum
1470 373 1536 415 est,
1558 375 1697 422 quando
1717 372 1754 410 ἃ
1780 373 1892 422 ipsum
1915 387 2001 410 con-

1240 425 1416 461 tinuatum
1446 438 1505 472 per
1533 427 1630 470 plura
1657 426 1782 461 deinde
1805 426 1925 461 Secula
1945 424 2002 460 in-

1241 485 1405 518 tuemur,
1433 475 1559 523 quibus
1597 489 1701 511 nemo
1736 475 1875 511 dubitat
1913 475 2000 524 quin

1239 526 1310 574 jarn
1339 527 1479 574 Lingua
1513 525 1637 561 Italica
1671 526 1709 562 in
1740 528 1871 575 populo
1902 528 2002 575 vige-

1241 587 1315 612 ret.
1352 577 1592 611 Grammatica
1624 579 1728 619 vero,
1756 578 1789 611 8<
1821 577 2001 613 Liberales

1243 629 1348 662 Artes
1379 625 1529 661 nimium
1561 626 1787 674 exciderant;
1827 625 1865 662 ὃ(
1893 640 2004 674 quan-

1242 690 1346 725 quam
1383 676 1631 725 sapienriffime
1676 678 1825 712 Carolus
1871 679 1922 712 M.
1964 676 2003 712 in

1242 728 1361 763 Gallia
1399 727 1637 775 potissimum,
1679 736 1784 774 atque
1829 727 1936 762 etiam
1966 727 2004 762 in

1242 778 1511 827 Langobardico
1541 780 1684 825 Regno,
1726 791 1781 813 eas
1823 778 2004 814 restituen—

1242 830 1300 865 das
1338 829 1492 877 curarit3
1531 829 1692 876 quamvis
1729 829 1838 864 etiam
1867 829 2004 865 Lotlia-

1242 880 1313 916 rius
1344 880 1480 915 Primus
1509 879 1601 914 idem
1631 888 1774 914 conatus
1803 879 1932 924 fuerit,
1967 887 2006 915 ut

1244 931 1280 966 in
1310 930 1493 966 Additam.
1522 929 1562 964 ad
1603 930 1675 978 ejus
1713 931 1823 977 Leges
1854 931 1929 965 Par.
1959 931 2005 965 11.

1243 981 1352 1017 Tomi
1383 981 1410 1017 Ι.
1438 983 1515 1016 Rer.
1538 981 1617 1016 Ital.
1641 993 1715 1029 pag.
1740 991 1819 1025 152.
1849 979 2002 1015 ostendi:

1243 1042 1398 1068 attamen
1426 1032 1531 1079 longe
1560 1032 1698 1079 lateque
1726 1044 1867 1079 regnare
1903 1030 2007 1080 igno-

1243 1082 1357 1118 rantia
1394 1081 1548 1129 perrexit
1585 1081 1621 1116 in
1660 1082 1784 1117 Italica
1823 1091 1946 1131 gente,
1982 1081 2006 1117 fi

1244 1145 1370 1180 paucos
1398 1131 1553 1177 excipias
1582 1132 1778 1167 Monachos
1815 1134 1847 1167 δ(
1886 1131 2007 1168 Cleri-

1245 1196 1324 1225 cos,
1365 1181 1426 1230 qui
1464 1181 1647 1228 aliquanto
1689 1181 1894 1229 impensiore
1923 1196 2004 1218 cura

1244 1233 1357 1269 literis
1386 1231 1600 1268 addiscendis
1629 1234 1824 1268 vacabant.
1855 1233 2006 1269 Proinde

1245 1297 1320 1319 mos
1366 1283 1434 1318 fuit
1481 1283 1639 1319 Notariis
1676 1297 1751 1319 eam
1789 1282 1850 1318 fibi
1891 1285 2006 1319 levem

1245 1334 1396 1370 Latinae
1437 1333 1598 1381 Linguae
1644 1347 1760 1382 parare
1813 1334 2003 1374 notitiam,

1245 1398 1333 1431 quae
1361 1383 1440 1418 satis
1470 1383 1550 1418 esset
1579 1384 1618 1419 ad
1657 1385 1870 1420 mandandos
1909 1385 2007 1420 char—

1245 1444 1300 1470 tae
1317 1433 1536 1469 contaetus:
1555 1434 1648 1481 quod
1670 1434 1772 1470 facile
1787 1444 1881 1474 erat,
1897 1449 2006 1482 quum

1245 1495 1330 1520 tunc
1358 1485 1462 1532 longe
1490 1484 1603 1530 plures
1640 1496 1743 1531 quam
1788 1497 1879 1519 nunc
1909 1485 2009 1533 supe>-

1246 1535 1369 1572 reffent
1389 1533 1513 1571 Latini
1536 1533 1701 1570 sermonis
1722 1535 1913 1582 relssquiae,
1935 1545 2006 1571 tam

1246 1600 1375 1630 voces,
1405 1599 1506 1633 quarn
1537 1585 1668 1621 formae
1696 1585 1856 1629 dicendi,
1884 1587 1916 1620 8(
1939 1586 2009 1621 im-

1216 1631 1219 1668 ⁴.
1247 1637 1370 1685 peritis
1399 1636 1537 1685 insuper
1565 1636 1693 1684 praesto
1731 1637 1836 1672 essent
1875 1639 2008 1671 formu-

1246 1690 1317 1728 lae,
1346 1702 1364 1723 a
1393 1687 1571 1723 Marculso
1600 1687 1746 1734 aliisque
1783 1687 2009 1723 Tabellioni-

1249 1740 1309 1774 bus
1357 1738 1394 1773 in
1438 1738 1534 1774 usum
1578 1738 1728 1773 aliorum
1771 1737 2007 1785 conscriptae.

1247 1791 1366 1834 Quum
1407 1791 1489 1824 vero
1539 1788 1799 1823 Grammaticae
1850 1797 2008 1835 expertes

1248 1854 1286 1875 ac
1314 1839 1482 1874 ineruditi
1513 1838 1654 1874 Notarii
1685 1837 1820 1881 forent,
1860 1838 1912 1872 nil
1942 1838 2011 1874 mi-

1247 1903 1346 1933 rum,
1374 1888 1396 1924 fi
1425 1903 1443 1924 a
1471 1898 1626 1924 materna
1654 1887 1793 1936 Lingua
1813 1887 2009 1924 identidem

1250 1941 1498 1977 mutuabantur
1538 1940 1642 1974 verba
1670 1952 1708 1974 ac
1737 1938 1857 1974 modos
1889 1939 2010 1974 dicen-

1221 1992 1307 2035 ¹di,
1344 1991 1482 2037 quoties
1521 2003 1644 2037 nempe
1691 1990 1837 2025 meliora
1881 2002 2010 2037 nequa-

1250 2055 1354 2090 quam
1383 2040 1623 2088 suppeditabat
1650 2040 1775 2088 exigua
1806 2039 1841 2075 in
1870 2040 1913 2075 iis
1941 2043 2011 2076 La·

1251 2093 1319 2129 tini
1357 2091 1525 2128 sermonis
1562 2091 1736 2137 supellex.
1773 2093 1890 2139 Quare
1919 2091 2010 2130 snar-

1253 2144 1320 2179 sam
1350 2144 1385 2179 in
1423 2155 1542 2180 eorum
1580 2141 1723 2177 Chattis
1761 2155 1824 2176 nos
1861 2141 2008 2177 nostram

1254 2194 1429 2243 Linguam
1472 2192 1699 2240 introspicere
1741 2192 1935 2240 possumus,
1975 2193 2009 2227 δε

1253 2246 1333 2281 inde
1361 2244 1478 2292 aliqua
1506 2258 1548 2280 ex
1578 2252 1672 2292 parte
1694 2243 1896 2292 agnoscere,
1926 2255 2009 2289 qua-

1252 2297 1296 2332 lis
1325 2295 1411 2343 apud
1442 2295 1554 2341 ipsum
1583 2295 1708 2342 vulgus
1746 2295 1826 2330 esset
1854 2301 2009 2328 materna

1253 2361 1372 2383 eorum
1403 2346 1562 2395 Lingua.
1598 2346 1805 2391 Complures
1839 2340 2009 2389 ejusmodi

1254 2398 1471 2433 membranas
1498 2411 1563 2446 ego
1590 2396 1754 2431 haetenus
1781 2392 1888 2441 dedig
1933 2393 2011 2435 plu-

1253 2463 1305 2484 res
1342 2448 1449 2484 etiarn
1498 2446 1725 2488 moduaurus
1765 2444 1860 2482 surn,
1908 2451 2011 2485 prout

1254 2509 1457 2547 argumenta
1485 2498 1613 2534 ferent.
1642 2495 1704 2530 Sed
1733 2493 1769 2529 in
1799 2493 2009 2542 praesentem

1253 2563 1326 2585 rem
1372 2550 1472 2597 juvat
1521 2548 1659 2595 aliquot
1687 2544 1797 2582 adhuc
1839 2543 2012 2615 exemplis

1866 2609 1961 2632 icem
