2169 3047
520 227 562 269 D
575 223 886 267 §SSERTATIO
919 220 1488 269 TRJGESIMASECUNDA
1499 252 1509 263 .

209 252 351 327 Sic-{ulo
393 288 490 323 XIII.
533 285 632 321 fuisse
672 283 964 335 deprehenditur;
999 287 1033 320 A

209 341 245 378 δί
274 353 356 377 num
386 336 560 385 Neapoli,
590 338 748 375 Romae,
777 324 991 381 Veneriis‚l

209 406 248 428 ac
286 388 482 427 Mediolani
521 387 676 423 eamdem
714 386 875 422 homines
912 389 991 423 lo-1

208 450 395 489 querentur
422 439 596 487 Linguam
613 466 622 480 ‚
651 451 738 485 quae
767 437 807 472 ab
828 437 966 484 aliquot
988 423 992 472 l

205 492 335 529 Seculis
376 490 413 526 in
451 490 495 526 iis
525 488 683 524 Urbibus
711 487 834 537 viget.
873 489 965 525 Heic

207 543 300 577 enim
329 554 436 589 quum
467 553 520 576 me
551 549 778 575 monumenta
808 548 963 576 veterum
989 522 993 591 ξ

207 592 392 631 deficiant,
421 590 660 626 obmutescere
689 604 816 638 cogor.
846 592 966 626 Petrus
990 593 992 603 ¹

208 643 348 690 quidem
395 641 559 678 Damiani
603 642 640 676 in
682 640 808 689 OpusC.
855 643 966 678 XLV.

208 697 295 731 Can.
345 695 425 729 VH.
468 693 508 728 de
549 691 654 727 docto
697 692 846 739 quodam
890 693 967 728 viro

209 746 315 779 Gzllo
346 747 476 779 Romae
513 744 658 791 degente
696 742 779 777 haec
817 742 964 778 scribit:

209 795 392 837 Scholafltce
419 793 548 842 (idest,
577 803 615 828 ut
642 792 789 841 opinor,
827 795 967 842 Latine)

210 845 402 889 disputans,
434 844 522 891 quast
557 845 708 891 descripta
746 844 838 878 Libri
874 847 970 880 verba

209 896 362 942 percurrit
404 895 549 942 (neque
591 896 685 930 enim
726 893 788 929 nisi
840 895 969 931 Latine

214 945 451 981 scribebantur
492 946 664 992 Libri).
708 946 886 991 stlgarircr
927 941 998 1004 lsi-⁸]
1047 942 1050 995 ᾖ

212 1009 306 1043 quens
335 1024 346 1040 ‚
396 1001 558 1031 Romanae
599 997 791 1030 urbanitatis
834 998 999 1054 regulam}

212 1061 273 1081 non
300 1047 450 1093 effendit.
480 1049 572 1095 Ergo
601 1047 747 1081 urbanus
772 1045 808 1081 ἃ
836 1048 972 1095 elegans
996 1055 1000 1124 Ι

211 1099 335 1133 Seculo
391 1100 450 1132 IX.
495 1097 679 1132 videbatur
733 1099 971 1131 Romanorum

214 1147 324 1183 sermo
354 1147 541 1194 Vulgari53
583 1147 646 1182 Sed
686 1145 862 1192 qualis-ne
890 1125 1000 1211 tunel

211 1198 271 1233 iste
299 1197 395 1233 fuit?
427 1199 522 1232 Num
551 1197 665 1235 idem,
696 1210 734 1231 ac
759 1196 860 1232 nostri
885 1205 971 1233 tem-
997 1198 1041 1232 C

213 1246 330 1296 poris?
369 1248 523 1284 Minime
560 1247 685 1284 credo.
732 1249 900 1284 Naturam
939 1230 1001 1285 e-1

211 1298 285 1334 nim
316 1311 354 1334 ac
383 1300 523 1344 genium
564 1299 781 1346 Linguarum
820 1299 972 1336 confide-

214 1362 317 1388 rans,
356 1363 444 1397 quae
485 1349 602 1385 senfim
643 1350 877 1385 mutationem
916 1364 972 1398 pa·

216 1399 356 1435 tiuntur
384 1425 395 1440 ,
437 1400 510 1435 veri
554 1400 665 1435 simile
706 1413 816 1439 reor,
859 1401 976 1436 Italici

218 1450 346 1491 Populi
386 1450 589 1497 Linguam,
629 1463 699 1496 quo
742 1450 883 1495 propius
922 1465 976 1486 ac-

221 1498 316 1534 ceffit
344 1500 386 1534 ad
414 1499 549 1543 fontes,
589 1499 657 1535 sive
694 1499 735 1534 ad
763 1501 882 1535 Secula
910 1503 978 1536 La-

223 1548 400 1589 tinitatis,
428 1563 469 1585 eo
498 1550 613 1586 minus
640 1559 716 1585 tum
740 1550 876 1591 verbis,
904 1559 978 1586 tum

222 1599 335 1634 modis
365 1599 532 1645 dicendi,
570 1615 588 1636 a
625 1600 754 1636 Latina
783 1610 891 1636 matre
921 1615 981 1649 po-

222 1649 394 1685 tiffimum
436 1651 514 1695 sua,
552 1650 754 1699 diffensifl'eg
793 1664 862 1698 quo
901 1655 982 1686 vero

223 1701 365 1748 longius
398 1702 439 1737 ab
477 1701 548 1749 ipsa
587 1701 760 1745 discessu,
798 1715 839 1736 eo
875 1702 981 1737 eriam

223 1751 424 1787 evidentius
463 1752 663 1788 diffimilem
703 1751 735 1787 se
772 1752 982 1800 prodidisse,

221 1814 292 1836 non
335 1801 446 1838 solum
486 1803 578 1848 quod
618 1803 784 1848 plurimas
814 1816 914 1838 voces
943 1803 984 1838 ab

224 1851 352 1888 exteris
408 1853 547 1900 populis
599 1862 778 1889 manantes
824 1854 985 1902 amplexa

226 1901 330 1938 fuerit
348 1931 358 1947 ,
387 1902 444 1938 sed
473 1903 579 1940 etiam
609 1903 700 1951 quod
730 1917 859 1940 novum
890 1905 984 1939 colo-

221 1965 320 1992 rem,
349 1967 461 1989 novas
489 1954 779 1998 terminationes,
809 1955 983 2002 novasque

224 2002 363 2039 dicendi
392 2003 560 2041 formulas
590 2005 785 2053 acceperit.
827 2008 865 2040 In
904 2019 982 2041 eum

227 2055 368 2091 tandem
410 2054 531 2091 statum
560 2057 698 2105 Lingua
737 2055 795 2091 ista
823 2056 987 2101 devenit,

231 2118 334 2154 quem
373 2106 515 2141 Saeculo
553 2109 650 2143 xm.
688 2107 891 2146 intuemur,
934 2108 986 2143 secl

231 2168 335 2203 quem
373 2156 475 2203 longe
504 2166 602 2193 antea
631 2158 746 2193 eadem
778 2158 988 2205 consequuta

233 2205 332 2241 fuifi‘e
358 2205 516 2246 videtur,
544 2221 741 2255 quanquam
782 2222 988 2245 monumen-

226 2265 267 2292 ta
294 2254 527 2298 desiderentur
564 2259 842 2305 praecedentium
885 2262 984 2296 Secu-

233 2307 369 2342 lorum.
409 2308 518 2344 Nulla
559 2309 687 2357 quippe
725 2310 890 2358 Lingua,
928 2310 989 2345 nisi

231 2370 291 2405 per
317 2358 440 2404 gradus
471 2358 622 2394 diversos
641 2384 649 2398 ‚
690 2360 837 2395 animati
855 2375 990 2405 -Corpo-

231 2407 278 2444 ris
307 2408 347 2442 ad
377 2408 500 2453 instar,
539 2409 661 2445 statum
690 2409 787 2446 suum
818 2410 990 2459 attingit,

234 2472 254 2494 a
282 2471 351 2505 quo
379 2459 485 2494 etiam
516 2460 552 2495 in
590 2461 698 2496 alium
737 2460 879 2496 subinde
918 2475 988 2508 per-

233 2521 337 2555 quam
380 2509 482 2546 facile
523 2510 704 2546 deflefflere
747 2511 882 2558 potest,
925 2511 991 2547 five

237 2559 420 2597 meliorem
447 2588 458 2607 ,
499 2560 567 2598 five
605 2561 813 2600 deteriorem
839 2589 849 2608 ‚
891 2573 994 2612 prout
1021 2582 1023 2585 .

1010 741 1036 774 B
1046 782 1047 791 l

1045 792 1048 842 ’ξ
1075 791 1160 826 cilio

1685 241 1772 278 494

1069 281 1284 318 eruditorum
1313 279 1420 316 studia
1437 308 1448 325 ‚
1475 286 1535 316 aut
1563 281 1676 328 gentis
1705 284 1828 319 barba-

1070 333 1161 368 ricae
1197 345 1235 368 ac
1273 331 1367 368 rudis
1404 331 1638 373 commercia,
1675 332 1715 368 ad
1752 346 1830 369 eam

1071 382 1339 431 expoliendam,
1382 391 1442 418 aut
1481 381 1706 418 inficiendam
1745 397 1830 418 con-

1071 434 1247 470 veniunt.
1290 433 1456 470 Eruditos
1498 432 1727 468 Germanicae
1770 447 1831 468 na-

1072 485 1182 521 tionis
1209 484 1306 520 viros
1342 483 1462 520 audivi
1501 483 1739 524 affirmantes,
1782 483 1834 519 ita

1073 535 1167 571 suam
1217 536 1396 582 Linguam
1435 536 1476 570 ab
1518 533 1663 582 antiqua
1715 534 1831 570 Seculi

1074 588 1174 622 Vm.
1203 587 1236 621 8<
1266 589 1326 622 IX.
1358 585 1563 628 disceffiffe,
1601 593 1639 621 ut
1679 586 1734 620 vel
1771 584 1833 632 ipsi

1075 638 1274 674 Literarum
1323 638 1421 686 gnari
1463 637 1499 673 in
1543 636 1694 672 vetustae
1735 635 1835 671 illius

1075 689 1280 738 fragmentis
1325 688 1566 736 intelligendis
1611 700 1735 734 aquam
1774 685 1837 722 fibi

1076 739 1226 781 nimium
1256 740 1393 777 haerere
1430 739 1622 774 fateantur.
1661 740 1700 772 In
1737 738 1836 772 Con-

1217 790 1412 840 Liptinenli
1469 789 1591 825 habito
1632 788 1669 824 in
1716 787 1835 823 Gallia

1077 844 1182 877 Anno
1210 855 1295 890 743.
1324 843 1496 878 habentur
1526 839 1697 876 formulae
1727 852 1834 886 quae-

1047 899 1049 939 }
1076 892 1153 927 dam
1175 894 1373 929 Teutonici
1400 891 1536 939 Lingua
1565 890 1731 937 scriptae.
1760 891 1835 924 Ha-

1078 943 1176 979 betur
1203 942 1240 979 &
1269 944 1403 979 Otfridi
1433 941 1704 989 Evangeliorum
1733 942 1835 975 Para—

1048 996 1050 1006 *
1078 994 1226 1041 phrasis,
1263 1005 1302 1030 ut
1329 996 1361 1029 ὃ(
1391 994 1459 1028 alia
1488 990 1712 1027 vetustiffima
1741 992 1835 1036 Opc-

1078 1058 1113 1079 ra
1140 1045 1348 1081 Germanice
1377 1044 1526 1089 scripta,
1554 1052 1658 1089 atque
1681 1054 1698 1075 a
1726 1041 1840 1075 Schil*

1079 1105 1153 1130 tero
1181 1095 1297 1138 edita,
1334 1109 1353 1130 a
1380 1095 1506 1140 quibus
1536 1093 1686 1127 nimium
1716 1090 1839 1126 distare

1079 1145 1196 1181 videas
1234 1145 1480 1181 Germanicam
1520 1143 1624 1178 nostri
1669 1141 1839 1189 temporis

1079 1196 1277 1244 Linguam.

1129 1249 1177 1282 Et
1205 1246 1361 1295 profefflb
1393 1243 1623 1282 consideranti
1664 1242 1751 1278 mibi
1782 1255 1843 1277 na-

1080 1306 1192 1334 turam
1221 1298 1329 1347 ipsam
1359 1298 1601 1346 Linguarum,
1630 1294 1698 1330 duo
1726 1293 1842 1329 obser-

1081 1349 1192 1385 vanda
1237 1350 1427 1388 videntur,
1468 1361 1554 1396 quae
1606 1354 1739 1381 certum
1786 1357 1841 1379 me

1081 1398 1237 1443 faciunt,
1275 1400 1353 1447 ipsis
1394 1397 1635 1448 Langobardis
1667 1409 1704 1431 ac
1734 1398 1843 1430 Fran-

1082 1448 1131 1485 cis
1159 1464 1272 1487 rerum
1301 1451 1338 1486 in
1366 1450 1471 1486 Italia
1500 1447 1624 1496 potitis
1642 1474 1651 1488 ,
1690 1445 1795 1481 aliam
1825 1458 1844 1480 a

1084 1501 1241 1545 Latina,
1289 1510 1348 1537 aut
1389 1501 1509 1536 saltem
1553 1497 1746 1543 plurimum
1788 1495 1844 1530 di—

1085 1551 1237 1587 scordem
1267 1552 1308 1587 ab
1335 1565 1374 1586 ea
1410 1550 1508 1586 fuiffe
1549 1548 1692 1582 Italicae
1728 1545 1844 1594 gentis

1086 1601 1289 1648 Linguam,
1337 1601 1402 1636 Uti
1451 1599 1548 1645 supra
1590 1596 1846 1631 animadverti-

1020 1651 1063 1694 Π,
1090 1664 1185 1693 mus,
1223 1650 1386 1698 cujusque
1423 1650 1582 1697 Linguae
1621 1645 1774 1682 viventis
1803 1644 1849 1680 est

1060 1698 1064 1752 l
1088 1701 1122 1736 id
1153 1701 1330 1748 proprium
1350 1729 1359 1742 ,
1389 1709 1428 1736 ut
1456 1700 1492 1735 in
1523 1697 1702 1735 Dialeffios
1732 1696 1845 1732 varias

1090 1751 1290 1794 scindatur,
1331 1753 1538 1798 nullumque
1581 1748 1620 1783 fit
1659 1750 1849 1796 Regnum,

1090 1803 1201 1838 immo
1230 1815 1341 1848 neque
1370 1800 1557 1837 Provincia
1576 1827 1584 1841 ,
1622 1798 1659 1833 in
1687 1798 1785 1846 queis
1813 1811 1851 1833 e—

1091 1853 1202 1888 tiamfi
1246 1865 1467 1888 communem
1508 1850 1685 1897 Linguam
1726 1861 1849 1883 omnes

1092 1904 1318 1951 intelligant,
1355 1916 1429 1938 eam
1467 1914 1606 1949 quoque
1635 1898 1758 1948 singuli
1788 1911 1851 1946 po-

1094 1954 1167 2000 puli
1196 1953 1363 1990 uniformi
1393 1951 1555 1988 consensu
1584 1962 1688 1998 atque
1714 1949 1852 1985 ratione

1095 2006 1302 2051 loquantur.
1340 2004 1498 2046 Mirum,
1534 2011 1704 2050 quantum
1733 2014 1750 2035 a
1780 1998 1855 2035 Ca·-

1095 2057 1189 2091 labra
1219 2054 1382 2090 Diale6³co
1411 2068 1448 2090 ac
1484 2052 1719 2100 Neapolitana
1757 2050 1854 2085 diffi-

1096 2106 1199 2141 deant
1241 2105 1526 2141 Florentinorum
1549 2132 1558 2147 ,
1596 2100 1854 2141 Genuenfium,

1098 2155 1412 2192 Mediolanenfium
1427 2184 1437 2198 ,
1465 2153 1732 2192 Taurinenfium
1747 2180 1756 2195 ‚
1786 2154 1856 2187 Bo-

1098 2206 1336 2249 nonienfium‚
1364 2210 1580 2242 Venetorum
1613 2203 1766 2240 Dialeffi
1786 2229 1795 2238 .
1825 2204 1858 2238 t-

1097 2258 1174 2293 dem
1218 2258 1255 2294 in
1295 2258 1444 2297 Gallia,
1483 2257 1519 2292 in
1561 2255 1774 2296 Germania,
1816 2254 1853 2288 in

1098 2308 1290 2357 Hispania.
1319 2308 1355 2344 in
1385 2322 1510 2356 magna
1539 2306 1747 2347 Britannia,
1776 2304 1856 2339 alii-

1098 2359 1179 2406 sque
1206 2359 1405 2408 regionibus
1442 2358 1598 2394 accidere
1634 2357 1856 2409 exploratum

1101 2410 1289 2446 habemus.
1332 2410 1437 2456 Quod
1475 2422 1567 2445 nunc
1604 2421 1708 2443 manu
1746 2414 1862 2453 tangi-

1101 2474 1198 2503 mus,
1225 2461 1422 2509 praeteritis
1453 2472 1592 2507 quoque
1619 2457 1749 2493 seculis
1777 2469 1863 2491 con—

1101 2511 1224 2559 tigerit
1250 2521 1411 2559 oportet.
1443 2510 1481 2546 [n
1510 2510 1747 2545 Hebraeorum
1775 2520 1863 2553 quo-

1101 2576 1167 2611 que
1195 2562 1336 2611 Lingua
1374 2574 1446 2597 non
1482 2560 1601 2596 eadem
1637 2559 1800 2595 omnibus
1828 2569 1865 2592 e—

1761 2614 1815 2644 rat
