<?xml version="1.0" encoding="UTF-8"?>
<!DOCTYPE html PUBLIC "-//W3C//DTD XHTML 1.0 Transitional//EN"
    "http://www.w3.org/TR/xhtml1/DTD/xhtml1-transitional.dtd">
<html xmlns="http://www.w3.org/1999/xhtml" xml:lang="en" lang="en">
 <head>
  <title>
</title>
<meta http-equiv="Content-Type" content="text/html;charset=utf-8" />
  <meta name='ocr-system' content='tesseract 3.04.00' />
  <meta name='ocr-capabilities' content='ocr_page ocr_carea ocr_par ocr_line ocrx_word'/>
</head>
<body>
  <div class='ocr_page' id='page_1' title='image "antiquitatesital06mura_0230.png"; bbox 0 0 2169 3047; ppageno 0'>
   <div class='ocr_carea' id='block_1_1' title="bbox 424 228 504 266">
    <p class='ocr_par' dir='ltr' id='par_1_1' title="bbox 424 228 504 266">
     <span class='ocr_line' id='line_1_1' title="bbox 424 228 504 266; baseline 0 0"><span class='ocrx_word' id='word_1_1' title='bbox 424 228 504 266; x_wconf 76' lang='lat'>431</span> 
     </span>
    </p>
   </div>
   <div class='ocr_carea' id='block_1_2' title="bbox 774 210 1603 267">
    <p class='ocr_par' dir='ltr' id='par_1_2' title="bbox 774 210 1603 267">
     <span class='ocr_line' id='line_1_2' title="bbox 774 210 1603 267; baseline 0.001 -13"><span class='ocrx_word' id='word_1_2' title='bbox 774 210 1146 267; x_wconf 53' lang='lat' dir='ltr'><strong><em>AN‘JJQUJT.</em></strong></span> <span class='ocrx_word' id='word_1_3' title='bbox 1186 210 1402 255; x_wconf 77' lang='lat' dir='ltr'><em>MEDJJ</em></span> <span class='ocrx_word' id='word_1_4' title='bbox 1435 212 1603 255; x_wconf 78' lang='lat' dir='ltr'><em>AEVJ</em></span> 
     </span>
    </p>
   </div>
   <div class='ocr_carea' id='block_1_3' title="bbox 1857 234 1941 276">
    <p class='ocr_par' dir='ltr' id='par_1_3' title="bbox 1857 234 1941 276">
     <span class='ocr_line' id='line_1_3' title="bbox 1857 234 1941 276; baseline 0 -5"><span class='ocrx_word' id='word_1_5' title='bbox 1857 234 1941 276; x_wconf 78' lang='lat'>452</span> 
     </span>
    </p>
   </div>
   <div class='ocr_carea' id='block_1_4' title="bbox 364 268 2005 326">
    <p class='ocr_par' dir='ltr' id='par_1_4' title="bbox 364 268 2005 326">
     <span class='ocr_line' id='line_1_4' title="bbox 364 268 2005 326; baseline 0.004 -20"><span class='ocrx_word' id='word_1_6' title='bbox 364 284 440 306; x_wconf 80' lang='lat' dir='ltr'>rum</span> <span class='ocrx_word' id='word_1_7' title='bbox 469 268 633 305; x_wconf 77' lang='lat' dir='ltr'>exhibuit</span> <span class='ocrx_word' id='word_1_8' title='bbox 660 268 763 307; x_wconf 88' lang='lat' dir='ltr'>nobis</span> <span class='ocrx_word' id='word_1_9' title='bbox 790 269 963 318; x_wconf 87' lang='lat' dir='ltr'>Campius</span> <span class='ocrx_word' id='word_1_10' title='bbox 987 272 1022 306; x_wconf 89' lang='lat' dir='ltr'>in</span> <span class='ocrx_word' id='word_1_11' title='bbox 1050 273 1126 319; x_wconf 87' lang='lat' dir='ltr'>Ap·</span> <span class='ocrx_word' id='word_1_12' title='bbox 1171 272 1202 307; x_wconf 89' lang='lat' dir='ltr'>A</span> <span class='ocrx_word' id='word_1_13' title='bbox 1242 269 1356 326; x_wconf 79' lang='lat' dir='ltr'>spanis</span> <span class='ocrx_word' id='word_1_14' title='bbox 1375 271 1446 320; x_wconf 90' lang='lat' dir='ltr'>El)</span> <span class='ocrx_word' id='word_1_15' title='bbox 1467 271 1683 321; x_wconf 72' lang='lat' dir='ltr'>significans.</span> <span class='ocrx_word' id='word_1_16' title='bbox 1712 274 1915 312; x_wconf 84' lang='lat' dir='ltr'>Matthaeus</span> <span class='ocrx_word' id='word_1_17' title='bbox 1935 277 2005 313; x_wconf 87' lang='lat' dir='ltr'>Sil-</span> 
     </span>
    </p>
   </div>
   <div class='ocr_carea' id='block_1_5' title="bbox 363 321 1209 2095">
    <p class='ocr_par' dir='ltr' id='par_1_5' title="bbox 363 321 1209 2095">
     <span class='ocr_line' id='line_1_5' title="bbox 364 321 1127 370; baseline 0.001 -15"><span class='ocrx_word' id='word_1_18' title='bbox 364 321 465 370; x_wconf 83' lang='lat' dir='ltr'>pcnd.</span> <span class='ocrx_word' id='word_1_19' title='bbox 486 321 527 358; x_wconf 89' lang='lat' dir='ltr'>ad</span> <span class='ocrx_word' id='word_1_20' title='bbox 549 322 706 357; x_wconf 77' lang='lat' dir='ltr'>“romum</span> <span class='ocrx_word' id='word_1_21' title='bbox 730 323 756 358; x_wconf 89' lang='lat' dir='ltr'>I.</span> <span class='ocrx_word' id='word_1_22' title='bbox 779 322 868 358; x_wconf 86' lang='lat' dir='ltr'>Hist.</span> <span class='ocrx_word' id='word_1_23' title='bbox 890 322 1020 358; x_wconf 85' lang='lat' dir='ltr'>Eccles.</span> <span class='ocrx_word' id='word_1_24' title='bbox 1049 323 1127 357; x_wconf 86' lang='lat' dir='ltr'>Pla-</span> 
     </span>
     <span class='ocr_line' id='line_1_6' title="bbox 367 371 1127 421; baseline 0.003 -14"><span class='ocrx_word' id='word_1_25' title='bbox 367 371 528 408; x_wconf 83' lang='lat' dir='ltr'>centinae</span> <span class='ocrx_word' id='word_1_26' title='bbox 565 385 641 421; x_wconf 87' lang='lat' dir='ltr'><strong>pag.</strong></span> <span class='ocrx_word' id='word_1_27' title='bbox 668 384 755 419; x_wconf 76' lang='lat'>455.</span> <span class='ocrx_word' id='word_1_28' title='bbox 784 372 953 409; x_wconf 86' lang='lat' dir='ltr'>videlicet</span> <span class='ocrx_word' id='word_1_29' title='bbox 989 373 1025 409; x_wconf 93' lang='lat' dir='ltr'>in</span> <span class='ocrx_word' id='word_1_30' title='bbox 1062 372 1127 408; x_wconf 84' lang='lat' dir='ltr'>Di-</span> 
     </span>
     <span class='ocr_line' id='line_1_7' title="bbox 368 421 1128 473; baseline 0.003 -15"><span class='ocrx_word' id='word_1_31' title='bbox 368 424 522 471; x_wconf 84' lang='lat' dir='ltr'>plomate</span> <span class='ocrx_word' id='word_1_32' title='bbox 546 421 672 460; x_wconf 84' lang='lat' dir='ltr'>Caroli</span> <span class='ocrx_word' id='word_1_33' title='bbox 697 423 750 460; x_wconf 86' lang='lat' dir='ltr'>M.</span> <span class='ocrx_word' id='word_1_34' title='bbox 776 424 944 473; x_wconf 87' lang='lat' dir='ltr'>Augusti,</span> <span class='ocrx_word' id='word_1_35' title='bbox 973 423 1128 473; x_wconf 61' lang='lat' dir='ltr'>spefflan-</span> 
     </span>
     <span class='ocr_line' id='line_1_8' title="bbox 368 474 1125 524; baseline 0 -14"><span class='ocrx_word' id='word_1_36' title='bbox 368 484 402 510; x_wconf 87' lang='lat' dir='ltr'>te</span> <span class='ocrx_word' id='word_1_37' title='bbox 429 474 470 510; x_wconf 89' lang='lat' dir='ltr'>ad</span> <span class='ocrx_word' id='word_1_38' title='bbox 498 475 642 510; x_wconf 87' lang='lat' dir='ltr'>Annum</span> <span class='ocrx_word' id='word_1_39' title='bbox 671 474 738 510; x_wconf 85' lang='lat' dir='ltr'>Ch.</span> <span class='ocrx_word' id='word_1_40' title='bbox 761 478 844 512; x_wconf 82' lang='lat'>808.</span> <span class='ocrx_word' id='word_1_41' title='bbox 870 475 930 511; x_wconf 90' lang='lat' dir='ltr'>ubi</span> <span class='ocrx_word' id='word_1_42' title='bbox 955 475 1125 524; x_wconf 88' lang='lat' dir='ltr'>legimus:</span> 
     </span>
     <span class='ocr_line' id='line_1_9' title="bbox 366 526 1129 573; baseline 0.003 -14"><span class='ocrx_word' id='word_1_43' title='bbox 366 526 446 560; x_wconf 78' lang='lat' dir='ltr'>Inde</span> <span class='ocrx_word' id='word_1_44' title='bbox 467 536 663 572; x_wconf 78' lang='lat' dir='ltr'><em>percurrente</em></span> <span class='ocrx_word' id='word_1_45' title='bbox 689 528 723 559; x_wconf 86' lang='lat' dir='ltr'>in</span> <span class='ocrx_word' id='word_1_46' title='bbox 753 527 787 560; x_wconf 81' lang='lat' dir='ltr'>la</span> <span class='ocrx_word' id='word_1_47' title='bbox 815 527 970 573; x_wconf 86' lang='lat' dir='ltr'>Vegiola,</span> <span class='ocrx_word' id='word_1_48' title='bbox 999 541 1035 561; x_wconf 85' lang='lat' dir='ltr'>ex</span> <span class='ocrx_word' id='word_1_49' title='bbox 1061 527 1129 561; x_wconf 84' lang='lat' dir='ltr'>alia</span> 
     </span>
     <span class='ocr_line' id='line_1_10' title="bbox 366 577 1128 623; baseline -0.003 -11"><span class='ocrx_word' id='word_1_50' title='bbox 366 589 440 612; x_wconf 75' lang='lat' dir='ltr'>vero</span> <span class='ocrx_word' id='word_1_51' title='bbox 464 587 554 622; x_wconf 79' lang='lat' dir='ltr'>parte</span> <span class='ocrx_word' id='word_1_52' title='bbox 580 577 618 610; x_wconf 76' lang='lat' dir='ltr'>de</span> <span class='ocrx_word' id='word_1_53' title='bbox 653 577 687 610; x_wconf 84' lang='lat' dir='ltr'>la</span> <span class='ocrx_word' id='word_1_54' title='bbox 725 577 854 622; x_wconf 62' lang='lat' dir='ltr'>Vrgiola</span> <span class='ocrx_word' id='word_1_55' title='bbox 889 577 981 623; x_wconf 88' lang='lat' dir='ltr'>usque</span> <span class='ocrx_word' id='word_1_56' title='bbox 1008 577 1128 619; x_wconf 82' lang='lat' dir='ltr'>Castel—</span> 
     </span>
     <span class='ocr_line' id='line_1_11' title="bbox 365 625 1129 676; baseline 0.005 -17"><span class='ocrx_word' id='word_1_57' title='bbox 365 626 444 660; x_wconf 81' lang='lat' dir='ltr'>liom&#39;</span> <span class='ocrx_word' id='word_1_58' title='bbox 476 626 548 663; x_wconf 56' lang='grc' dir='ltr'>ὡς.</span> <span class='ocrx_word' id='word_1_59' title='bbox 587 625 726 661; x_wconf 83' lang='lat' dir='ltr'>Vetusta</span> <span class='ocrx_word' id='word_1_60' title='bbox 762 627 871 662; x_wconf 87' lang='lat' dir='ltr'>etiam</span> <span class='ocrx_word' id='word_1_61' title='bbox 908 628 1029 663; x_wconf 89' lang='lat' dir='ltr'>Secula</span> <span class='ocrx_word' id='word_1_62' title='bbox 1067 641 1129 676; x_wconf 83' lang='lat' dir='ltr'>pro</span> 
     </span>
     <span class='ocr_line' id='line_1_12' title="bbox 366 675 1127 725; baseline 0.005 -15"><span class='ocrx_word' id='word_1_63' title='bbox 366 676 423 710; x_wconf 59' lang='lat' dir='ltr'>Ls&#39;li</span> <span class='ocrx_word' id='word_1_64' title='bbox 454 675 608 716; x_wconf 80' lang='lat' dir='ltr'>nativo,</span> <span class='ocrx_word' id='word_1_65' title='bbox 637 685 675 712; x_wconf 90' lang='lat' dir='ltr'>ut</span> <span class='ocrx_word' id='word_1_66' title='bbox 702 676 814 725; x_wconf 89' lang='lat' dir='ltr'>ipsum</span> <span class='ocrx_word' id='word_1_67' title='bbox 844 677 886 713; x_wconf 90' lang='lat' dir='ltr'>ab</span> <span class='ocrx_word' id='word_1_68' title='bbox 915 678 970 713; x_wconf 88' lang='lat' dir='ltr'>Illi</span> <span class='ocrx_word' id='word_1_69' title='bbox 1000 677 1127 715; x_wconf 89' lang='lat' dir='ltr'>Nomi-</span> 
     </span>
     <span class='ocr_line' id='line_1_13' title="bbox 366 726 1204 776; baseline 0.004 -14"><span class='ocrx_word' id='word_1_70' title='bbox 366 726 492 763; x_wconf 73' lang='lat' dir='ltr'>nativo</span> <span class='ocrx_word' id='word_1_71' title='bbox 514 727 786 776; x_wconf 84' lang='lat' dir='ltr'>distinguerent,</span> <span class='ocrx_word' id='word_1_72' title='bbox 811 729 981 765; x_wconf 78' lang='lat' dir='ltr'>invexisse</span> <span class='ocrx_word' id='word_1_73' title='bbox 1006 729 1129 765; x_wconf 87' lang='lat' dir='ltr'>viden-</span> <span class='ocrx_word' id='word_1_74' title='bbox 1176 727 1204 761; x_wconf 88' lang='grc' dir='ltr'>Β</span> 
     </span>
     <span class='ocr_line' id='line_1_14' title="bbox 365 779 1130 826; baseline 0.001 -13"><span class='ocrx_word' id='word_1_75' title='bbox 365 786 424 813; x_wconf 84' lang='lat' dir='ltr'>tur</span> <span class='ocrx_word' id='word_1_76' title='bbox 451 779 553 822; x_wconf 81' lang='lat' dir='ltr'>Illui,</span> <span class='ocrx_word' id='word_1_77' title='bbox 591 780 681 815; x_wconf 90' lang='lat' dir='ltr'>unde</span> <span class='ocrx_word' id='word_1_78' title='bbox 719 779 829 826; x_wconf 88' lang='lat' dir='ltr'>postea</span> <span class='ocrx_word' id='word_1_79' title='bbox 866 779 1007 816; x_wconf 81' lang='lat' dir='ltr'>effluxit</span> <span class='ocrx_word' id='word_1_80' title='bbox 1036 780 1130 815; x_wconf 83' lang='lat' dir='ltr'>Lm’:</span> 
     </span>
     <span class='ocr_line' id='line_1_15' title="bbox 366 829 1130 875; baseline 0.005 -12"><span class='ocrx_word' id='word_1_81' title='bbox 366 841 455 875; x_wconf 84' lang='lat' dir='ltr'>quae</span> <span class='ocrx_word' id='word_1_82' title='bbox 484 842 554 865; x_wconf 83' lang='lat' dir='ltr'>vox</span> <span class='ocrx_word' id='word_1_83' title='bbox 582 829 736 866; x_wconf 83' lang='lat' dir='ltr'>occurrit</span> <span class='ocrx_word' id='word_1_84' title='bbox 768 831 803 866; x_wconf 90' lang='lat' dir='ltr'>in</span> <span class='ocrx_word' id='word_1_85' title='bbox 835 830 1010 867; x_wconf 85' lang='lat' dir='ltr'>Formulis</span> <span class='ocrx_word' id='word_1_86' title='bbox 1038 830 1130 867; x_wconf 82' lang='lat' dir='ltr'>anti-</span> 
     </span>
     <span class='ocr_line' id='line_1_16' title="bbox 368 879 1128 933; baseline 0.004 -19"><span class='ocrx_word' id='word_1_87' title='bbox 368 879 542 927; x_wconf 84' lang='lat' dir='ltr'>quiffimis</span> <span class='ocrx_word' id='word_1_88' title='bbox 564 880 730 917; x_wconf 86' lang='lat' dir='ltr'>Marculfi</span> <span class='ocrx_word' id='word_1_89' title='bbox 754 883 835 918; x_wconf 88' lang='lat' dir='ltr'>Lib.</span> <span class='ocrx_word' id='word_1_90' title='bbox 856 883 882 918; x_wconf 94' lang='grc' dir='ltr'>Ι.</span> <span class='ocrx_word' id='word_1_91' title='bbox 903 885 990 933; x_wconf 86' lang='lat' dir='ltr'>Cap.</span> <span class='ocrx_word' id='word_1_92' title='bbox 1013 884 1128 918; x_wconf 84' lang='lat' dir='ltr'>XVII.</span> 
     </span>
     <span class='ocr_line' id='line_1_17' title="bbox 368 931 1127 977; baseline 0.003 -12"><span class='ocrx_word' id='word_1_93' title='bbox 368 931 429 966; x_wconf 82' lang='lat' dir='ltr'>ubi</span> <span class='ocrx_word' id='word_1_94' title='bbox 458 931 541 967; x_wconf 84' lang='lat' dir='ltr'>haec</span> <span class='ocrx_word' id='word_1_95' title='bbox 570 933 694 968; x_wconf 86' lang='lat' dir='ltr'>verba:</span> <span class='ocrx_word' id='word_1_96' title='bbox 725 934 814 968; x_wconf 78' lang='lat' dir='ltr'>Sicut</span> <span class='ocrx_word' id='word_1_97' title='bbox 841 934 977 977; x_wconf 80' lang='lat' dir='ltr'>constat,</span> <span class='ocrx_word' id='word_1_98' title='bbox 1004 934 1127 970; x_wconf 77' lang='lat' dir='ltr'>antedi-</span> 
     </span>
     <span class='ocr_line' id='line_1_18' title="bbox 367 980 1132 1031; baseline 0.004 -16"><span class='ocrx_word' id='word_1_99' title='bbox 367 980 420 1016; x_wconf 72' lang='grc' dir='ltr'>ἑῗα</span> <span class='ocrx_word' id='word_1_100' title='bbox 448 983 533 1017; x_wconf 85' lang='lat' dir='ltr'>villa</span> <span class='ocrx_word' id='word_1_101' title='bbox 560 984 600 1018; x_wconf 88' lang='lat' dir='ltr'>ab</span> <span class='ocrx_word' id='word_1_102' title='bbox 627 983 691 1030; x_wconf 83' lang='lat' dir='ltr'>ipso</span> <span class='ocrx_word' id='word_1_103' title='bbox 719 985 864 1031; x_wconf 77' lang='lat' dir='ltr'>Principe</span> <span class='ocrx_word' id='word_1_104' title='bbox 893 997 1055 1020; x_wconf 77' lang='lat' dir='ltr'>memorato</span> <span class='ocrx_word' id='word_1_105' title='bbox 1084 985 1132 1019; x_wconf 77' lang='lat' dir='ltr'>lm·</span> 
     </span>
     <span class='ocr_line' id='line_1_19' title="bbox 366 1031 1130 1082; baseline 0.007 -17"><span class='ocrx_word' id='word_1_106' title='bbox 366 1031 458 1076; x_wconf 74' lang='lat' dir='ltr'>fuiffe</span> <span class='ocrx_word' id='word_1_107' title='bbox 479 1032 626 1078; x_wconf 78' lang='lat' dir='ltr'>conceffa.</span> <span class='ocrx_word' id='word_1_108' title='bbox 648 1034 844 1082; x_wconf 84' lang='lat' dir='ltr'>Bignonius</span> <span class='ocrx_word' id='word_1_109' title='bbox 862 1045 978 1072; x_wconf 86' lang='lat' dir='ltr'>tamen</span> <span class='ocrx_word' id='word_1_110' title='bbox 997 1035 1034 1072; x_wconf 71' lang='grc' dir='ltr'>ἃ</span> <span class='ocrx_word' id='word_1_111' title='bbox 1053 1037 1130 1070; x_wconf 85' lang='lat' dir='ltr'>Me-</span> 
     </span>
     <span class='ocr_line' id='line_1_20' title="bbox 370 1082 1131 1130; baseline 0.005 -13"><span class='ocrx_word' id='word_1_112' title='bbox 370 1082 495 1130; x_wconf 81' lang='lat' dir='ltr'>nagius</span> <span class='ocrx_word' id='word_1_113' title='bbox 527 1096 597 1119; x_wconf 88' lang='lat' dir='ltr'>non</span> <span class='ocrx_word' id='word_1_114' title='bbox 631 1084 812 1121; x_wconf 81' lang='lat' dir='ltr'>immerito</span> <span class='ocrx_word' id='word_1_115' title='bbox 840 1087 882 1121; x_wconf 82' lang='lat' dir='ltr'>ab</span> <span class='ocrx_word' id='word_1_116' title='bbox 909 1088 1002 1121; x_wconf 78' lang='lat' dir='ltr'>Illius</span> <span class='ocrx_word' id='word_1_117' title='bbox 1030 1086 1131 1121; x_wconf 84' lang='lat' dir='ltr'>effor-</span> 
     </span>
     <span class='ocr_line' id='line_1_21' title="bbox 369 1135 1130 1180; baseline 0.004 -13"><span class='ocrx_word' id='word_1_118' title='bbox 369 1143 505 1168; x_wconf 84' lang='lat' dir='ltr'>matum</span> <span class='ocrx_word' id='word_1_119' title='bbox 539 1143 662 1180; x_wconf 88' lang='lat' dir='ltr'>putant</span> <span class='ocrx_word' id='word_1_120' title='bbox 690 1136 780 1171; x_wconf 78' lang='lat' dir='ltr'>Lui.</span> <span class='ocrx_word' id='word_1_121' title='bbox 816 1135 986 1172; x_wconf 84' lang='lat' dir='ltr'>Ceterum</span> <span class='ocrx_word' id='word_1_122' title='bbox 1016 1135 1130 1171; x_wconf 81' lang='lat' dir='ltr'>Muti-</span> 
     </span>
     <span class='ocr_line' id='line_1_22' title="bbox 367 1183 1202 1232; baseline 0.002 -14"><span class='ocrx_word' id='word_1_123' title='bbox 367 1183 488 1220; x_wconf 81' lang='lat' dir='ltr'>nenses</span> <span class='ocrx_word' id='word_1_124' title='bbox 526 1185 658 1232; x_wconf 87' lang='lat' dir='ltr'>aliique</span> <span class='ocrx_word' id='word_1_125' title='bbox 696 1186 889 1222; x_wconf 85' lang='lat' dir='ltr'>Lombardi</span> <span class='ocrx_word' id='word_1_126' title='bbox 923 1187 1046 1222; x_wconf 86' lang='lat' dir='ltr'>dicunt</span> <span class='ocrx_word' id='word_1_127' title='bbox 1081 1187 1134 1220; x_wconf 80' lang='lat' dir='ltr'>Sti</span> <span class='ocrx_word' id='word_1_128' title='bbox 1176 1187 1202 1220; x_wconf 72' lang='lat' dir='ltr'>C</span> 
     </span>
     <span class='ocr_line' id='line_1_23' title="bbox 363 1234 1133 1283; baseline 0.006 -16"><span class='ocrx_word' id='word_1_129' title='bbox 363 1234 504 1279; x_wconf 78' lang='lat' dir='ltr'><em>servitor</em></span> <span class='ocrx_word' id='word_1_130' title='bbox 520 1262 530 1279; x_wconf 86' lang='lat'>‚</span> <span class='ocrx_word' id='word_1_131' title='bbox 562 1236 605 1278; x_wconf 74' lang='lat' dir='ltr'>[li</span> <span class='ocrx_word' id='word_1_132' title='bbox 632 1236 751 1276; x_wconf 77' lang='grc' dir='ltr'>εαυαὶ,</span> <span class='ocrx_word' id='word_1_133' title='bbox 780 1237 833 1279; x_wconf 82' lang='lat' dir='ltr'>sta</span> <span class='ocrx_word' id='word_1_134' title='bbox 860 1251 1033 1282; x_wconf 54' lang='lat' dir='ltr'>carrozza,</span> <span class='ocrx_word' id='word_1_135' title='bbox 1072 1250 1133 1283; x_wconf 88' lang='lat' dir='ltr'>pro</span> 
     </span>
     <span class='ocr_line' id='line_1_24' title="bbox 368 1285 1134 1335; baseline 0.005 -17"><span class='ocrx_word' id='word_1_136' title='bbox 368 1285 446 1326; x_wconf 74' lang='lat' dir='ltr'>Isti,</span> <span class='ocrx_word' id='word_1_137' title='bbox 469 1286 556 1327; x_wconf 77' lang='lat' dir='ltr'>Ista,</span> <span class='ocrx_word' id='word_1_138' title='bbox 582 1285 671 1330; x_wconf 76' lang='lat' dir='ltr'>five,</span> <span class='ocrx_word' id='word_1_139' title='bbox 695 1296 734 1322; x_wconf 79' lang='lat' dir='ltr'>ut</span> <span class='ocrx_word' id='word_1_140' title='bbox 760 1287 883 1323; x_wconf 80' lang='lat' dir='ltr'>Italica</span> <span class='ocrx_word' id='word_1_141' title='bbox 910 1288 1050 1335; x_wconf 77' lang='lat' dir='ltr'>Lingua</span> <span class='ocrx_word' id='word_1_142' title='bbox 1075 1288 1134 1323; x_wconf 90' lang='lat' dir='ltr'>ha-</span> 
     </span>
     <span class='ocr_line' id='line_1_25' title="bbox 370 1335 1132 1383; baseline 0.001 -12"><span class='ocrx_word' id='word_1_143' title='bbox 370 1335 453 1379; x_wconf 85' lang='lat' dir='ltr'>bet,</span> <span class='ocrx_word' id='word_1_144' title='bbox 473 1337 605 1383; x_wconf 69' lang='lat' dir='ltr'>Questi,</span> <span class='ocrx_word' id='word_1_145' title='bbox 626 1337 763 1383; x_wconf 69' lang='lat' dir='ltr'>Questa.</span> <span class='ocrx_word' id='word_1_146' title='bbox 792 1339 888 1383; x_wconf 70' lang='lat' dir='ltr'>Quid</span> <span class='ocrx_word' id='word_1_147' title='bbox 915 1347 1031 1373; x_wconf 85' lang='lat' dir='ltr'>autem</span> <span class='ocrx_word' id='word_1_148' title='bbox 1059 1351 1132 1372; x_wconf 90' lang='lat' dir='ltr'>mo-</span> 
     </span>
     <span class='ocr_line' id='line_1_26' title="bbox 370 1386 1134 1432; baseline 0.001 -11"><span class='ocrx_word' id='word_1_149' title='bbox 370 1386 465 1422; x_wconf 85' lang='lat' dir='ltr'>verit</span> <span class='ocrx_word' id='word_1_150' title='bbox 494 1388 657 1423; x_wconf 85' lang='lat' dir='ltr'>Italicam</span> <span class='ocrx_word' id='word_1_151' title='bbox 675 1416 684 1430; x_wconf 89' lang='lat'><strong><em>‚</em></strong></span> <span class='ocrx_word' id='word_1_152' title='bbox 713 1389 886 1422; x_wconf 76' lang='lat' dir='ltr'>Gallicam</span> <span class='ocrx_word' id='word_1_153' title='bbox 907 1416 916 1431; x_wconf 90' lang='lat'>‚</span> <span class='ocrx_word' id='word_1_154' title='bbox 944 1389 977 1422; x_wconf 81' lang='lat'>8&lt;</span> <span class='ocrx_word' id='word_1_155' title='bbox 1008 1387 1134 1432; x_wconf 85' lang='lat' dir='ltr'>Hispa-</span> 
     </span>
     <span class='ocr_line' id='line_1_27' title="bbox 368 1437 1135 1486; baseline 0 -14"><span class='ocrx_word' id='word_1_156' title='bbox 368 1437 486 1473; x_wconf 76' lang='lat' dir='ltr'>nicam</span> <span class='ocrx_word' id='word_1_157' title='bbox 524 1448 663 1486; x_wconf 85' lang='lat' dir='ltr'>gentem</span> <span class='ocrx_word' id='word_1_158' title='bbox 703 1438 743 1472; x_wconf 84' lang='lat' dir='ltr'>ad</span> <span class='ocrx_word' id='word_1_159' title='bbox 782 1437 951 1484; x_wconf 83' lang='lat' dir='ltr'>ejusmodi</span> <span class='ocrx_word' id='word_1_160' title='bbox 990 1437 1135 1473; x_wconf 86' lang='lat' dir='ltr'>Articu-</span> 
     </span>
     <span class='ocr_line' id='line_1_28' title="bbox 370 1487 1136 1537; baseline 0.003 -15"><span class='ocrx_word' id='word_1_161' title='bbox 370 1487 426 1523; x_wconf 87' lang='lat' dir='ltr'>los</span> <span class='ocrx_word' id='word_1_162' title='bbox 454 1489 627 1524; x_wconf 85' lang='lat' dir='ltr'>addendos</span> <span class='ocrx_word' id='word_1_163' title='bbox 655 1487 882 1531; x_wconf 86' lang='lat' dir='ltr'>nominibus,</span> <span class='ocrx_word' id='word_1_164' title='bbox 911 1488 1038 1537; x_wconf 83' lang='lat' dir='ltr'>quibus</span> <span class='ocrx_word' id='word_1_165' title='bbox 1065 1490 1136 1524; x_wconf 88' lang='lat' dir='ltr'>La-</span> 
     </span>
     <span class='ocr_line' id='line_1_29' title="bbox 372 1538 1137 1586; baseline 0.001 -13"><span class='ocrx_word' id='word_1_166' title='bbox 372 1538 451 1574; x_wconf 84' lang='lat' dir='ltr'>tina</span> <span class='ocrx_word' id='word_1_167' title='bbox 487 1539 628 1586; x_wconf 84' lang='lat' dir='ltr'>Lingua</span> <span class='ocrx_word' id='word_1_168' title='bbox 666 1547 759 1573; x_wconf 82' lang='lat' dir='ltr'>caret</span> <span class='ocrx_word' id='word_1_169' title='bbox 781 1566 791 1582; x_wconf 85' lang='lat'>,</span> <span class='ocrx_word' id='word_1_170' title='bbox 829 1541 1028 1585; x_wconf 87' lang='lat' dir='ltr'>exemplum</span> <span class='ocrx_word' id='word_1_171' title='bbox 1052 1567 1062 1582; x_wconf 93' lang='lat'>,</span> <span class='ocrx_word' id='word_1_172' title='bbox 1099 1548 1137 1574; x_wconf 89' lang='lat' dir='ltr'>ut</span> 
     </span>
     <span class='ocr_line' id='line_1_30' title="bbox 371 1588 1137 1638; baseline 0 -14"><span class='ocrx_word' id='word_1_173' title='bbox 371 1588 477 1628; x_wconf 83' lang='lat' dir='ltr'>dixi,</span> <span class='ocrx_word' id='word_1_174' title='bbox 515 1590 723 1638; x_wconf 85' lang='lat' dir='ltr'>populorum</span> <span class='ocrx_word' id='word_1_175' title='bbox 755 1590 956 1626; x_wconf 83' lang='lat' dir='ltr'>Borealium</span> <span class='ocrx_word' id='word_1_176' title='bbox 994 1590 1063 1626; x_wconf 91' lang='lat' dir='ltr'>fuit</span> <span class='ocrx_word' id='word_1_177' title='bbox 1100 1589 1137 1625; x_wconf 88' lang='lat' dir='ltr'>in</span> 
     </span>
     <span class='ocr_line' id='line_1_31' title="bbox 371 1636 1209 1677; baseline 0.002 -3"><span class='ocrx_word' id='word_1_178' title='bbox 371 1638 445 1675; x_wconf 81' lang='lat' dir='ltr'>finu</span> <span class='ocrx_word' id='word_1_179' title='bbox 475 1638 535 1675; x_wconf 90' lang='lat' dir='ltr'>suo</span> <span class='ocrx_word' id='word_1_180' title='bbox 565 1639 830 1676; x_wconf 65' lang='lat' dir='ltr'>habitantium.</span> <span class='ocrx_word' id='word_1_181' title='bbox 870 1641 1074 1677; x_wconf 88' lang='lat' dir='ltr'>Audiebant</span> <span class='ocrx_word' id='word_1_182' title='bbox 1104 1654 1138 1676; x_wconf 91' lang='lat' dir='ltr'>e-</span> <span class='ocrx_word' id='word_1_183' title='bbox 1180 1636 1209 1668; x_wconf 85' lang='lat' dir='ltr'><strong>D</strong></span> 
     </span>
     <span class='ocr_line' id='line_1_32' title="bbox 371 1690 1137 1739; baseline 0.003 -14"><span class='ocrx_word' id='word_1_184' title='bbox 371 1690 447 1725; x_wconf 85' lang='lat' dir='ltr'>nim</span> <span class='ocrx_word' id='word_1_185' title='bbox 471 1690 727 1726; x_wconf 84' lang='lat' dir='ltr'>Meridionales</span> <span class='ocrx_word' id='word_1_186' title='bbox 757 1692 901 1739; x_wconf 83' lang='lat' dir='ltr'>populi,</span> <span class='ocrx_word' id='word_1_187' title='bbox 924 1692 1137 1729; x_wconf 85' lang='lat' dir='ltr'>Latinorum</span> 
     </span>
     <span class='ocr_line' id='line_1_33' title="bbox 373 1740 1139 1791; baseline 0.003 -15"><span class='ocrx_word' id='word_1_188' title='bbox 373 1740 467 1783; x_wconf 77' lang='lat' dir='ltr'>filii,</span> <span class='ocrx_word' id='word_1_189' title='bbox 495 1740 656 1783; x_wconf 81' lang='lat' dir='ltr'>Gothos,</span> <span class='ocrx_word' id='word_1_190' title='bbox 685 1743 970 1791; x_wconf 70' lang='lat' dir='ltr'>Langobardos,</span> <span class='ocrx_word' id='word_1_191' title='bbox 989 1746 1139 1779; x_wconf 88' lang='lat' dir='ltr'>Francos</span> 
     </span>
     <span class='ocr_line' id='line_1_34' title="bbox 375 1791 1139 1842; baseline 0.001 -14"><span class='ocrx_word' id='word_1_192' title='bbox 375 1791 540 1828; x_wconf 81' lang='lat' dir='ltr'>adhibere</span> <span class='ocrx_word' id='word_1_193' title='bbox 569 1791 756 1840; x_wconf 82' lang='lat' dir='ltr'>particulas</span> <span class='ocrx_word' id='word_1_194' title='bbox 785 1807 857 1829; x_wconf 85' lang='lat' dir='ltr'>rem</span> <span class='ocrx_word' id='word_1_195' title='bbox 883 1794 1038 1842; x_wconf 84' lang='lat' dir='ltr'>aliquam</span> <span class='ocrx_word' id='word_1_196' title='bbox 1067 1807 1139 1829; x_wconf 85' lang='lat' dir='ltr'>cer—</span> 
     </span>
     <span class='ocr_line' id='line_1_35' title="bbox 373 1841 1139 1889; baseline 0.003 -13"><span class='ocrx_word' id='word_1_197' title='bbox 373 1849 448 1877; x_wconf 82' lang='lat' dir='ltr'>tam</span> <span class='ocrx_word' id='word_1_198' title='bbox 470 1841 707 1889; x_wconf 65' lang='lat' dir='ltr'>designantes,</span> <span class='ocrx_word' id='word_1_199' title='bbox 732 1856 770 1878; x_wconf 87' lang='lat' dir='ltr'>ac</span> <span class='ocrx_word' id='word_1_200' title='bbox 792 1844 946 1880; x_wconf 79' lang='lat' dir='ltr'>dicentes</span> <span class='ocrx_word' id='word_1_201' title='bbox 968 1848 1034 1880; x_wconf 81' lang='lat' dir='ltr'>Der</span> <span class='ocrx_word' id='word_1_202' title='bbox 1054 1849 1139 1880; x_wconf 80' lang='lat' dir='ltr'>Koe-</span> 
     </span>
     <span class='ocr_line' id='line_1_36' title="bbox 375 1892 1141 1939; baseline 0.003 -11"><span class='ocrx_word' id='word_1_203' title='bbox 375 1892 459 1939; x_wconf 76' lang='lat' dir='ltr'>m&#39;g‚</span> <span class='ocrx_word' id='word_1_204' title='bbox 489 1892 572 1928; x_wconf 89' lang='lat' dir='ltr'>idest</span> <span class='ocrx_word' id='word_1_205' title='bbox 601 1896 664 1928; x_wconf 77' lang='lat' dir='ltr'>Hic</span> <span class='ocrx_word' id='word_1_206' title='bbox 690 1897 761 1928; x_wconf 76' lang='lat' dir='ltr'>Rex</span> <span class='ocrx_word' id='word_1_207' title='bbox 775 1908 795 1936; x_wconf 86' lang='lat'>‚·</span> <span class='ocrx_word' id='word_1_208' title='bbox 823 1895 885 1929; x_wconf 85' lang='lat' dir='ltr'>Die</span> <span class='ocrx_word' id='word_1_209' title='bbox 913 1898 1025 1938; x_wconf 84' lang='lat' dir='ltr'>Frau,</span> <span class='ocrx_word' id='word_1_210' title='bbox 1055 1899 1141 1930; x_wconf 82' lang='lat' dir='ltr'>Haec</span> 
     </span>
     <span class='ocr_line' id='line_1_37' title="bbox 377 1943 1138 1992; baseline 0.001 -14"><span class='ocrx_word' id='word_1_211' title='bbox 377 1943 538 1986; x_wconf 75' lang='grc' dir='ltr'>Μειίίεν;</span> <span class='ocrx_word' id='word_1_212' title='bbox 574 1946 644 1978; x_wconf 84' lang='lat' dir='ltr'>Das</span> <span class='ocrx_word' id='word_1_213' title='bbox 680 1946 791 1983; x_wconf 82' lang='lat' dir='ltr'>Grab,</span> <span class='ocrx_word' id='word_1_214' title='bbox 830 1948 895 1979; x_wconf 82' lang='lat' dir='ltr'>Hoc</span> <span class='ocrx_word' id='word_1_215' title='bbox 931 1947 1138 1992; x_wconf 78' lang='lat' dir='ltr'>Sepulcrum,</span> 
     </span>
     <span class='ocr_line' id='line_1_38' title="bbox 377 1994 1139 2042; baseline 0.004 -13"><span class='ocrx_word' id='word_1_216' title='bbox 377 2007 458 2030; x_wconf 87' lang='lat' dir='ltr'>cum</span> <span class='ocrx_word' id='word_1_217' title='bbox 486 1994 684 2030; x_wconf 84' lang='lat' dir='ltr'>variatione</span> <span class='ocrx_word' id='word_1_218' title='bbox 721 1995 839 2042; x_wconf 85' lang='lat' dir='ltr'>aliqua</span> <span class='ocrx_word' id='word_1_219' title='bbox 875 1996 913 2031; x_wconf 89' lang='lat' dir='ltr'>in</span> <span class='ocrx_word' id='word_1_220' title='bbox 946 1996 1072 2032; x_wconf 82' lang='lat' dir='ltr'>casibus</span> <span class='ocrx_word' id='word_1_221' title='bbox 1101 2010 1139 2032; x_wconf 89' lang='lat' dir='ltr'>ac</span> 
     </span>
     <span class='ocr_line' id='line_1_39' title="bbox 373 2044 1138 2095; baseline 0.001 -15"><span class='ocrx_word' id='word_1_222' title='bbox 373 2044 414 2080; x_wconf 83' lang='lat' dir='ltr'>in</span> <span class='ocrx_word' id='word_1_223' title='bbox 440 2058 587 2082; x_wconf 88' lang='lat' dir='ltr'>numero</span> <span class='ocrx_word' id='word_1_224' title='bbox 607 2045 755 2094; x_wconf 84' lang='lat' dir='ltr'>plurali.</span> <span class='ocrx_word' id='word_1_225' title='bbox 783 2048 902 2092; x_wconf 83' lang='lat' dir='ltr'>Quare</span> <span class='ocrx_word' id='word_1_226' title='bbox 921 2045 959 2083; x_wconf 90' lang='lat'>&amp;</span> <span class='ocrx_word' id='word_1_227' title='bbox 985 2047 1045 2095; x_wconf 85' lang='lat' dir='ltr'>ipfi</span> <span class='ocrx_word' id='word_1_228' title='bbox 1072 2051 1138 2089; x_wconf 81' lang='lat' dir='ltr'>Lo,</span> 
     </span>
    </p>
   </div>
   <div class='ocr_carea' id='block_1_6' title="bbox 374 2091 1214 2145">
    <p class='ocr_par' dir='ltr' id='par_1_6' title="bbox 374 2091 1214 2145">
     <span class='ocr_line' id='line_1_40' title="bbox 374 2091 1214 2145; baseline 0.001 -15"><span class='ocrx_word' id='word_1_229' title='bbox 374 2100 447 2135; x_wconf 84' lang='lat' dir='ltr'>La,</span> <span class='ocrx_word' id='word_1_230' title='bbox 466 2097 528 2136; x_wconf 80' lang='lat' dir='ltr'>Li,</span> <span class='ocrx_word' id='word_1_231' title='bbox 549 2105 738 2145; x_wconf 83' lang='lat' dir='ltr'>coeperunt</span> <span class='ocrx_word' id='word_1_232' title='bbox 758 2097 872 2132; x_wconf 82' lang='lat' dir='ltr'>dicere</span> <span class='ocrx_word' id='word_1_233' title='bbox 889 2111 951 2143; x_wconf 90' lang='lat' dir='ltr'>pro</span> <span class='ocrx_word' id='word_1_234' title='bbox 972 2099 1032 2133; x_wconf 85' lang='lat' dir='ltr'>Ille</span> <span class='ocrx_word' id='word_1_235' title='bbox 1048 2102 1139 2137; x_wconf 81' lang='lat' dir='ltr'>Rex,</span> <span class='ocrx_word' id='word_1_236' title='bbox 1186 2091 1214 2124; x_wconf 81' lang='grc' dir='ltr'><strong>Ε</strong></span> 
     </span>
    </p>
   </div>
   <div class='ocr_carea' id='block_1_7' title="bbox 373 2147 1140 2603">
    <p class='ocr_par' dir='ltr' id='par_1_7' title="bbox 373 2147 1140 2603">
     <span class='ocr_line' id='line_1_41' title="bbox 373 2147 1138 2191; baseline 0.007 -11"><span class='ocrx_word' id='word_1_237' title='bbox 373 2147 440 2181; x_wconf 80' lang='lat' dir='ltr'>Illa</span> <span class='ocrx_word' id='word_1_238' title='bbox 477 2148 626 2191; x_wconf 86' lang='lat' dir='ltr'>Mulier,</span> <span class='ocrx_word' id='word_1_239' title='bbox 663 2148 720 2182; x_wconf 83' lang='lat' dir='ltr'>Illi</span> <span class='ocrx_word' id='word_1_240' title='bbox 758 2148 876 2182; x_wconf 80' lang='lat' dir='ltr'>milites</span> <span class='ocrx_word' id='word_1_241' title='bbox 900 2148 973 2186; x_wconf 59' lang='lat' dir='ltr'>&amp;n</span> <span class='ocrx_word' id='word_1_242' title='bbox 1010 2151 1064 2184; x_wconf 87' lang='lat' dir='ltr'>Ita</span> <span class='ocrx_word' id='word_1_243' title='bbox 1101 2147 1138 2184; x_wconf 73' lang='lat'>&amp;-</span> 
     </span>
     <span class='ocr_line' id='line_1_42' title="bbox 374 2196 1138 2245; baseline 0.004 -14"><span class='ocrx_word' id='word_1_244' title='bbox 374 2196 474 2232; x_wconf 83' lang='lat' dir='ltr'>Galli</span> <span class='ocrx_word' id='word_1_245' title='bbox 517 2196 678 2243; x_wconf 83' lang='lat' dir='ltr'>usurpare</span> <span class='ocrx_word' id='word_1_246' title='bbox 719 2207 907 2245; x_wconf 86' lang='lat' dir='ltr'>coeperunt</span> <span class='ocrx_word' id='word_1_247' title='bbox 945 2203 1018 2243; x_wconf 80' lang='lat' dir='ltr'>Le,</span> <span class='ocrx_word' id='word_1_248' title='bbox 1058 2203 1138 2244; x_wconf 85' lang='lat' dir='ltr'>La,</span> 
     </span>
     <span class='ocr_line' id='line_1_43' title="bbox 373 2246 1138 2295; baseline 0.001 -11"><span class='ocrx_word' id='word_1_249' title='bbox 373 2251 438 2284; x_wconf 79' lang='lat' dir='ltr'>Les</span> <span class='ocrx_word' id='word_1_250' title='bbox 458 2246 532 2285; x_wconf 53' lang='lat' dir='ltr'>&amp;a</span> <span class='ocrx_word' id='word_1_251' title='bbox 559 2248 593 2282; x_wconf 77' lang='grc'>8(</span> <span class='ocrx_word' id='word_1_252' title='bbox 621 2247 770 2295; x_wconf 75' lang='lat' dir='ltr'>Hispani</span> <span class='ocrx_word' id='word_1_253' title='bbox 801 2249 867 2288; x_wconf 84' lang='lat' dir='ltr'>El,</span> <span class='ocrx_word' id='word_1_254' title='bbox 891 2253 963 2288; x_wconf 84' lang='lat' dir='ltr'>La,</span> <span class='ocrx_word' id='word_1_255' title='bbox 989 2253 1050 2284; x_wconf 63' lang='lat' dir='ltr'>chs</span> <span class='ocrx_word' id='word_1_256' title='bbox 1071 2251 1138 2286; x_wconf 67' lang='lat'>(9¹15.</span> 
     </span>
     <span class='ocr_line' id='line_1_44' title="bbox 374 2297 1137 2346; baseline 0.003 -11"><span class='ocrx_word' id='word_1_257' title='bbox 374 2297 492 2335; x_wconf 83' lang='lat' dir='ltr'>Multi</span> <span class='ocrx_word' id='word_1_258' title='bbox 519 2311 660 2346; x_wconf 78' lang='lat' dir='ltr'>quoque</span> <span class='ocrx_word' id='word_1_259' title='bbox 696 2312 737 2334; x_wconf 74' lang='lat' dir='ltr'>ex</span> <span class='ocrx_word' id='word_1_260' title='bbox 767 2300 909 2335; x_wconf 74' lang='lat' dir='ltr'>Graecis</span> <span class='ocrx_word' id='word_1_261' title='bbox 945 2302 979 2335; x_wconf 67' lang='grc' dir='ltr'>ὃς</span> <span class='ocrx_word' id='word_1_262' title='bbox 1009 2301 1137 2337; x_wconf 83' lang='lat' dir='ltr'>Arabi-</span> 
     </span>
     <span class='ocr_line' id='line_1_45' title="bbox 377 2349 1137 2398; baseline 0.003 -12"><span class='ocrx_word' id='word_1_263' title='bbox 377 2352 440 2386; x_wconf 89' lang='lat' dir='ltr'>bus</span> <span class='ocrx_word' id='word_1_264' title='bbox 462 2349 626 2391; x_wconf 86' lang='lat' dir='ltr'>Italiam,</span> <span class='ocrx_word' id='word_1_265' title='bbox 656 2362 694 2384; x_wconf 87' lang='lat' dir='ltr'>ac</span> <span class='ocrx_word' id='word_1_266' title='bbox 720 2352 837 2398; x_wconf 80' lang='lat' dir='ltr'>Regna</span> <span class='ocrx_word' id='word_1_267' title='bbox 860 2351 1137 2388; x_wconf 84' lang='lat' dir='ltr'>Christianorum</span> 
     </span>
     <span class='ocr_line' id='line_1_46' title="bbox 376 2399 1136 2438; baseline 0 0"><span class='ocrx_word' id='word_1_268' title='bbox 376 2399 633 2438; x_wconf 80' lang='lat' dir='ltr'>Meridionalia</span> <span class='ocrx_word' id='word_1_269' title='bbox 654 2399 878 2436; x_wconf 83' lang='lat' dir='ltr'>incolebant.</span> <span class='ocrx_word' id='word_1_270' title='bbox 907 2401 1136 2438; x_wconf 81' lang='lat' dir='ltr'>Notiffirnum</span> 
     </span>
     <span class='ocr_line' id='line_1_47' title="bbox 376 2451 1138 2492; baseline 0.001 -4"><span class='ocrx_word' id='word_1_271' title='bbox 376 2466 463 2488; x_wconf 85' lang='lat' dir='ltr'>vero</span> <span class='ocrx_word' id='word_1_272' title='bbox 490 2452 562 2492; x_wconf 84' lang='lat' dir='ltr'>est,</span> <span class='ocrx_word' id='word_1_273' title='bbox 598 2451 741 2487; x_wconf 86' lang='lat' dir='ltr'>Graecis</span> <span class='ocrx_word' id='word_1_274' title='bbox 771 2451 848 2487; x_wconf 85' lang='lat' dir='ltr'>suos</span> <span class='ocrx_word' id='word_1_275' title='bbox 879 2452 1058 2489; x_wconf 86' lang='lat' dir='ltr'>Articulos</span> <span class='ocrx_word' id='word_1_276' title='bbox 1089 2453 1138 2489; x_wconf 86' lang='lat' dir='ltr'>es-</span> 
     </span>
     <span class='ocr_line' id='line_1_48' title="bbox 378 2502 1137 2541; baseline -0.003 -1"><span class='ocrx_word' id='word_1_277' title='bbox 378 2503 437 2540; x_wconf 74' lang='lat' dir='ltr'>se.</span> <span class='ocrx_word' id='word_1_278' title='bbox 474 2503 538 2539; x_wconf 87' lang='lat' dir='ltr'>Sed</span> <span class='ocrx_word' id='word_1_279' title='bbox 565 2503 599 2538; x_wconf 87' lang='lat'>&amp;</span> <span class='ocrx_word' id='word_1_280' title='bbox 629 2502 760 2538; x_wconf 82' lang='lat' dir='ltr'>Arabes</span> <span class='ocrx_word' id='word_1_281' title='bbox 788 2503 841 2538; x_wconf 74' lang='lat' dir='ltr'>Al</span> <span class='ocrx_word' id='word_1_282' title='bbox 866 2502 1017 2541; x_wconf 88' lang='lat' dir='ltr'>habent,</span> <span class='ocrx_word' id='word_1_283' title='bbox 1045 2503 1137 2540; x_wconf 84' lang='lat' dir='ltr'>idem</span> 
     </span>
     <span class='ocr_line' id='line_1_49' title="bbox 377 2553 1140 2603; baseline 0 -11"><span class='ocrx_word' id='word_1_284' title='bbox 377 2555 452 2593; x_wconf 76' lang='lat' dir='ltr'>inis</span> <span class='ocrx_word' id='word_1_285' title='bbox 470 2582 482 2601; x_wconf 64' lang='lat' dir='ltr'>a</span> <span class='ocrx_word' id='word_1_286' title='bbox 512 2568 552 2592; x_wconf 86' lang='lat' dir='ltr'>ac</span> <span class='ocrx_word' id='word_1_287' title='bbox 580 2553 682 2591; x_wconf 77' lang='lat' dir='ltr'>nobie</span> <span class='ocrx_word' id='word_1_288' title='bbox 710 2555 769 2600; x_wconf 77' lang='lat' dir='ltr'>H,</span> <span class='ocrx_word' id='word_1_289' title='bbox 795 2557 845 2590; x_wconf 70' lang='lat' dir='ltr'>La</span> <span class='ocrx_word' id='word_1_290' title='bbox 863 2582 874 2599; x_wconf 79' lang='lat'>,</span> <span class='ocrx_word' id='word_1_291' title='bbox 902 2558 949 2590; x_wconf 87' lang='lat' dir='ltr'>Lo</span> <span class='ocrx_word' id='word_1_292' title='bbox 979 2555 1041 2603; x_wconf 89' lang='lat'>(&amp;</span> <span class='ocrx_word' id='word_1_293' title='bbox 1070 2554 1140 2592; x_wconf 78' lang='lat' dir='ltr'>Hi-</span> 
     </span>
    </p>
   </div>
   <div class='ocr_carea' id='block_1_8' title="bbox 1221 1954 1227 2584">
    <p class='ocr_par' dir='ltr' id='par_1_8' title="bbox 1221 1954 1227 2584">
     <span class='ocr_line' id='line_1_50' title="bbox 1221 1954 1227 2584; baseline 0 0"><span class='ocrx_word' id='word_1_294' title='bbox 1221 1954 1227 2584; x_wconf 95' lang='lat' dir='ltr'> </span> 
     </span>
    </p>
   </div>
   <div class='ocr_carea' id='block_1_9' title="bbox 1242 322 2011 2635">
    <p class='ocr_par' dir='ltr' id='par_1_9' title="bbox 1242 322 2011 2635">
     <span class='ocr_line' id='line_1_51' title="bbox 1242 322 2004 363; baseline 0.01 -7"><span class='ocrx_word' id='word_1_295' title='bbox 1242 331 1380 358; x_wconf 82' lang='lat' dir='ltr'>vatlcus</span> <span class='ocrx_word' id='word_1_296' title='bbox 1411 322 1449 358; x_wconf 89' lang='lat' dir='ltr'>in</span> <span class='ocrx_word' id='word_1_297' title='bbox 1484 324 1665 361; x_wconf 69' lang='lat' dir='ltr'>Pandeffis</span> <span class='ocrx_word' id='word_1_298' title='bbox 1694 326 1898 363; x_wconf 71' lang='lat' dir='ltr'>Medicinae</span> <span class='ocrx_word' id='word_1_299' title='bbox 1925 330 2004 363; x_wconf 89' lang='lat' dir='ltr'>An-</span> 
     </span>
     <span class='ocr_line' id='line_1_52' title="bbox 1243 373 2004 422; baseline 0.005 -14"><span class='ocrx_word' id='word_1_300' title='bbox 1243 385 1289 408; x_wconf 89' lang='lat' dir='ltr'>no</span> <span class='ocrx_word' id='word_1_301' title='bbox 1321 385 1427 422; x_wconf 85' lang='lat'>1317.</span> <span class='ocrx_word' id='word_1_302' title='bbox 1455 373 1593 422; x_wconf 79' lang='lat' dir='ltr'>scriptis</span> <span class='ocrx_word' id='word_1_303' title='bbox 1621 376 1691 412; x_wconf 90' lang='lat' dir='ltr'>ait:</span> <span class='ocrx_word' id='word_1_304' title='bbox 1721 377 1775 412; x_wconf 72' lang='lat' dir='ltr'>Al</span> <span class='ocrx_word' id='word_1_305' title='bbox 1801 377 1847 416; x_wconf 55' lang='grc' dir='ltr'>ἔφ’</span> <span class='ocrx_word' id='word_1_306' title='bbox 1877 379 1924 412; x_wconf 81' lang='lat' dir='ltr'>Et</span> <span class='ocrx_word' id='word_1_307' title='bbox 1949 392 2004 414; x_wconf 86' lang='lat' dir='ltr'>ar-</span> 
     </span>
     <span class='ocr_line' id='line_1_53' title="bbox 1243 424 2007 476; baseline 0.008 -18"><span class='ocrx_word' id='word_1_308' title='bbox 1243 424 1358 459; x_wconf 78' lang='lat' dir='ltr'>ticulus</span> <span class='ocrx_word' id='word_1_309' title='bbox 1384 427 1471 472; x_wconf 85' lang='lat' dir='ltr'>apud</span> <span class='ocrx_word' id='word_1_310' title='bbox 1497 428 1624 461; x_wconf 71' lang='lat' dir='ltr'>,Arabes</span> <span class='ocrx_word' id='word_1_311' title='bbox 1643 427 1807 474; x_wconf 73' lang='lat' dir='ltr'>significat</span> <span class='ocrx_word' id='word_1_312' title='bbox 1836 429 1872 463; x_wconf 79' lang='lat' dir='ltr'>id</span> <span class='ocrx_word' id='word_1_313' title='bbox 1886 456 1896 473; x_wconf 92' lang='lat'>‚</span> <span class='ocrx_word' id='word_1_314' title='bbox 1924 432 2007 476; x_wconf 81' lang='lat' dir='ltr'>quod</span> 
     </span>
     <span class='ocr_line' id='line_1_54' title="bbox 1243 477 2006 526; baseline 0.007 -16"><span class='ocrx_word' id='word_1_315' title='bbox 1243 477 1329 522; x_wconf 83' lang='lat' dir='ltr'>apud</span> <span class='ocrx_word' id='word_1_316' title='bbox 1355 489 1409 510; x_wconf 86' lang='lat' dir='ltr'>nos</span> <span class='ocrx_word' id='word_1_317' title='bbox 1435 477 1612 523; x_wconf 81' lang='lat' dir='ltr'>vulgariter</span> <span class='ocrx_word' id='word_1_318' title='bbox 1638 479 1787 514; x_wconf 83' lang='lat' dir='ltr'>addimus</span> <span class='ocrx_word' id='word_1_319' title='bbox 1811 491 2006 526; x_wconf 75' lang='lat' dir='ltr'>praeponen—</span> 
     </span>
     <span class='ocr_line' id='line_1_55' title="bbox 1243 527 2005 574; baseline 0.01 -15"><span class='ocrx_word' id='word_1_320' title='bbox 1243 528 1282 560; x_wconf 84' lang='lat' dir='ltr'>do</span> <span class='ocrx_word' id='word_1_321' title='bbox 1308 527 1485 562; x_wconf 77' lang='lat' dir='ltr'>nominibus</span> <span class='ocrx_word' id='word_1_322' title='bbox 1512 531 1584 567; x_wconf 83' lang='lat' dir='ltr'>La,</span> <span class='ocrx_word' id='word_1_323' title='bbox 1613 532 1679 572; x_wconf 86' lang='lat' dir='ltr'>Le,</span> <span class='ocrx_word' id='word_1_324' title='bbox 1706 531 1775 574; x_wconf 81' lang='lat' dir='ltr'>Li,</span> <span class='ocrx_word' id='word_1_325' title='bbox 1803 534 1873 566; x_wconf 86' lang='lat' dir='ltr'>Lo.</span> <span class='ocrx_word' id='word_1_326' title='bbox 1912 533 2005 566; x_wconf 89' lang='lat' dir='ltr'>Ara-</span> 
     </span>
     <span class='ocr_line' id='line_1_56' title="bbox 1245 576 2006 617; baseline 0.008 -6"><span class='ocrx_word' id='word_1_327' title='bbox 1245 576 1342 612; x_wconf 84' lang='lat' dir='ltr'>bicus</span> <span class='ocrx_word' id='word_1_328' title='bbox 1369 587 1485 612; x_wconf 88' lang='lat' dir='ltr'>autem</span> <span class='ocrx_word' id='word_1_329' title='bbox 1514 578 1682 613; x_wconf 83' lang='lat' dir='ltr'>articulus</span> <span class='ocrx_word' id='word_1_330' title='bbox 1708 583 1759 614; x_wconf 73' lang='lat' dir='ltr'>At</span> <span class='ocrx_word' id='word_1_331' title='bbox 1787 579 1879 616; x_wconf 86' lang='lat' dir='ltr'>mihi</span> <span class='ocrx_word' id='word_1_332' title='bbox 1906 581 2006 617; x_wconf 89' lang='lat' dir='ltr'>vide-</span> 
     </span>
     <span class='ocr_line' id='line_1_57' title="bbox 1244 627 2006 666; baseline 0.007 -5"><span class='ocrx_word' id='word_1_333' title='bbox 1244 636 1302 662; x_wconf 86' lang='lat' dir='ltr'>tur</span> <span class='ocrx_word' id='word_1_334' title='bbox 1329 641 1347 662; x_wconf 90' lang='lat' dir='ltr'>a</span> <span class='ocrx_word' id='word_1_335' title='bbox 1373 627 1499 663; x_wconf 88' lang='lat' dir='ltr'>Tuscis</span> <span class='ocrx_word' id='word_1_336' title='bbox 1531 627 1685 664; x_wconf 80' lang='lat' dir='ltr'>servatus</span> <span class='ocrx_word' id='word_1_337' title='bbox 1714 629 1825 664; x_wconf 88' lang='lat' dir='ltr'>adhuc</span> <span class='ocrx_word' id='word_1_338' title='bbox 1852 630 1891 665; x_wconf 89' lang='lat' dir='ltr'>in</span> <span class='ocrx_word' id='word_1_339' title='bbox 1919 644 2006 666; x_wconf 85' lang='lat' dir='ltr'>voce</span> 
     </span>
     <span class='ocr_line' id='line_1_58' title="bbox 1243 678 2006 729; baseline 0.005 -16"><span class='ocrx_word' id='word_1_340' title='bbox 1243 678 1404 713; x_wconf 70' lang='lat' dir='ltr'>Altalena</span> <span class='ocrx_word' id='word_1_341' title='bbox 1424 678 1624 726; x_wconf 77' lang='lat' dir='ltr'>(Dinigatta</span> <span class='ocrx_word' id='word_1_342' title='bbox 1644 678 1865 716; x_wconf 85' lang='lat' dir='ltr'>Mutinenses</span> <span class='ocrx_word' id='word_1_343' title='bbox 1887 682 2006 729; x_wconf 86' lang='lat' dir='ltr'>appel-</span> 
     </span>
     <span class='ocr_line' id='line_1_59' title="bbox 1243 727 2006 780; baseline 0.007 -18"><span class='ocrx_word' id='word_1_344' title='bbox 1243 729 1343 773; x_wconf 91' lang='lat' dir='ltr'>lant,</span> <span class='ocrx_word' id='word_1_345' title='bbox 1365 727 1548 778; x_wconf 84' lang='lat' dir='ltr'>peregrino</span> <span class='ocrx_word' id='word_1_346' title='bbox 1568 729 1646 765; x_wconf 88' lang='lat' dir='ltr'>sane</span> <span class='ocrx_word' id='word_1_347' title='bbox 1671 731 1872 778; x_wconf 84' lang='lat' dir='ltr'>vocabulo)</span> <span class='ocrx_word' id='word_1_348' title='bbox 1901 730 2006 780; x_wconf 84' lang='lat' dir='ltr'>figni-</span> 
     </span>
     <span class='ocr_line' id='line_1_60' title="bbox 1243 778 2005 829; baseline 0.005 -15"><span class='ocrx_word' id='word_1_349' title='bbox 1243 778 1370 815; x_wconf 80' lang='lat' dir='ltr'>ficante</span> <span class='ocrx_word' id='word_1_350' title='bbox 1405 780 1527 815; x_wconf 87' lang='lat' dir='ltr'>ludum</span> <span class='ocrx_word' id='word_1_351' title='bbox 1565 794 1772 829; x_wconf 88' lang='lat' dir='ltr'>puerorum,</span> <span class='ocrx_word' id='word_1_352' title='bbox 1810 780 2005 818; x_wconf 87' lang='lat' dir='ltr'>sedentium</span> 
     </span>
     <span class='ocr_line' id='line_1_61' title="bbox 1244 829 2007 880; baseline 0.004 -15"><span class='ocrx_word' id='word_1_353' title='bbox 1244 829 1411 866; x_wconf 87' lang='lat' dir='ltr'>videlicet</span> <span class='ocrx_word' id='word_1_354' title='bbox 1437 830 1535 878; x_wconf 87' lang='lat' dir='ltr'>super</span> <span class='ocrx_word' id='word_1_355' title='bbox 1555 833 1709 867; x_wconf 89' lang='lat' dir='ltr'>tabulam</span> <span class='ocrx_word' id='word_1_356' title='bbox 1735 831 1926 880; x_wconf 88' lang='lat' dir='ltr'>suspensam</span> <span class='ocrx_word' id='word_1_357' title='bbox 1951 832 2007 868; x_wconf 89' lang='lat' dir='ltr'>in-</span> 
     </span>
     <span class='ocr_line' id='line_1_62' title="bbox 1243 880 2006 929; baseline 0.004 -13"><span class='ocrx_word' id='word_1_358' title='bbox 1243 891 1295 917; x_wconf 88' lang='lat' dir='ltr'>ter</span> <span class='ocrx_word' id='word_1_359' title='bbox 1331 881 1417 917; x_wconf 91' lang='lat' dir='ltr'>duos</span> <span class='ocrx_word' id='word_1_360' title='bbox 1453 880 1578 925; x_wconf 88' lang='lat' dir='ltr'>funes,</span> <span class='ocrx_word' id='word_1_361' title='bbox 1609 895 1713 929; x_wconf 90' lang='lat' dir='ltr'>quam</span> <span class='ocrx_word' id='word_1_362' title='bbox 1751 882 1919 918; x_wconf 90' lang='lat' dir='ltr'>undulare</span> <span class='ocrx_word' id='word_1_363' title='bbox 1954 881 2006 919; x_wconf 87' lang='lat' dir='ltr'>fa·</span> 
     </span>
     <span class='ocr_line' id='line_1_63' title="bbox 1243 932 2003 969; baseline 0.001 -2"><span class='ocrx_word' id='word_1_364' title='bbox 1243 932 1361 967; x_wconf 88' lang='lat' dir='ltr'>ciunt.</span> <span class='ocrx_word' id='word_1_365' title='bbox 1381 935 1434 967; x_wconf 86' lang='lat' dir='ltr'>Ita</span> <span class='ocrx_word' id='word_1_366' title='bbox 1455 932 1575 968; x_wconf 90' lang='lat' dir='ltr'>ludum</span> <span class='ocrx_word' id='word_1_367' title='bbox 1594 932 1686 968; x_wconf 88' lang='lat' dir='ltr'>hunc</span> <span class='ocrx_word' id='word_1_368' title='bbox 1703 932 1904 968; x_wconf 89' lang='lat' dir='ltr'>describunt</span> <span class='ocrx_word' id='word_1_369' title='bbox 1920 934 2003 969; x_wconf 86' lang='lat' dir='ltr'>Flo-</span> 
     </span>
     <span class='ocr_line' id='line_1_64' title="bbox 1243 981 2007 1031; baseline 0.003 -14"><span class='ocrx_word' id='word_1_370' title='bbox 1243 981 1376 1018; x_wconf 88' lang='lat' dir='ltr'>rentini</span> <span class='ocrx_word' id='word_1_371' title='bbox 1413 983 1642 1019; x_wconf 84' lang='lat' dir='ltr'>Vocabularii</span> <span class='ocrx_word' id='word_1_372' title='bbox 1680 983 1903 1031; x_wconf 84' lang='lat' dir='ltr'>Scriptores.</span> <span class='ocrx_word' id='word_1_373' title='bbox 1941 984 2007 1019; x_wconf 87' lang='lat' dir='ltr'>Sed</span> 
     </span>
     <span class='ocr_line' id='line_1_65' title="bbox 1243 1033 2007 1077; baseline 0.001 -8"><span class='ocrx_word' id='word_1_374' title='bbox 1243 1033 1288 1069; x_wconf 83' lang='lat' dir='ltr'>iis</span> <span class='ocrx_word' id='word_1_375' title='bbox 1318 1033 1512 1070; x_wconf 86' lang='lat' dir='ltr'>addendum</span> <span class='ocrx_word' id='word_1_376' title='bbox 1550 1033 1645 1077; x_wconf 85' lang='lat' dir='ltr'>fuit,</span> <span class='ocrx_word' id='word_1_377' title='bbox 1683 1034 1803 1069; x_wconf 89' lang='lat' dir='ltr'>ludum</span> <span class='ocrx_word' id='word_1_378' title='bbox 1841 1034 1933 1070; x_wconf 91' lang='lat' dir='ltr'>hunc</span> <span class='ocrx_word' id='word_1_379' title='bbox 1970 1048 2007 1070; x_wconf 85' lang='lat' dir='ltr'>e-</span> 
     </span>
     <span class='ocr_line' id='line_1_66' title="bbox 1244 1083 2007 1131; baseline 0.004 -13"><span class='ocrx_word' id='word_1_380' title='bbox 1244 1083 1330 1119; x_wconf 84' lang='lat' dir='ltr'>tiam</span> <span class='ocrx_word' id='word_1_381' title='bbox 1359 1097 1378 1120; x_wconf 89' lang='lat' dir='ltr'>a</span> <span class='ocrx_word' id='word_1_382' title='bbox 1406 1084 1520 1131; x_wconf 85' lang='lat' dir='ltr'>pueris</span> <span class='ocrx_word' id='word_1_383' title='bbox 1548 1084 1702 1129; x_wconf 88' lang='lat' dir='ltr'>confici,</span> <span class='ocrx_word' id='word_1_384' title='bbox 1740 1084 1938 1121; x_wconf 86' lang='lat' dir='ltr'>sedentibus</span> <span class='ocrx_word' id='word_1_385' title='bbox 1967 1099 2007 1121; x_wconf 91' lang='lat' dir='ltr'>u-</span> 
     </span>
     <span class='ocr_line' id='line_1_67' title="bbox 1244 1133 2006 1182; baseline 0.005 -14"><span class='ocrx_word' id='word_1_386' title='bbox 1244 1133 1384 1181; x_wconf 89' lang='lat' dir='ltr'>trinque</span> <span class='ocrx_word' id='word_1_387' title='bbox 1421 1133 1520 1182; x_wconf 85' lang='lat' dir='ltr'>super</span> <span class='ocrx_word' id='word_1_388' title='bbox 1553 1135 1708 1170; x_wconf 86' lang='lat' dir='ltr'>tabulam</span> <span class='ocrx_word' id='word_1_389' title='bbox 1747 1135 1911 1171; x_wconf 83' lang='lat' dir='ltr'>libratam</span> <span class='ocrx_word' id='word_1_390' title='bbox 1952 1135 2006 1172; x_wconf 89' lang='lat' dir='ltr'>su-</span> 
     </span>
     <span class='ocr_line' id='line_1_68' title="bbox 1245 1184 2009 1232; baseline 0.004 -13"><span class='ocrx_word' id='word_1_391' title='bbox 1245 1197 1303 1232; x_wconf 87' lang='lat' dir='ltr'>per</span> <span class='ocrx_word' id='word_1_392' title='bbox 1328 1184 1485 1226; x_wconf 82' lang='lat' dir='ltr'>trabem,</span> <span class='ocrx_word' id='word_1_393' title='bbox 1510 1194 1615 1232; x_wconf 85' lang='lat' dir='ltr'>atque</span> <span class='ocrx_word' id='word_1_394' title='bbox 1641 1184 1692 1220; x_wconf 86' lang='lat' dir='ltr'>ita</span> <span class='ocrx_word' id='word_1_395' title='bbox 1719 1184 1941 1232; x_wconf 80' lang='lat' dir='ltr'>dispositam,</span> <span class='ocrx_word' id='word_1_396' title='bbox 1969 1195 2009 1222; x_wconf 88' lang='lat' dir='ltr'>ut</span> 
     </span>
     <span class='ocr_line' id='line_1_69' title="bbox 1245 1235 2007 1284; baseline 0.003 -14"><span class='ocrx_word' id='word_1_397' title='bbox 1245 1248 1350 1283; x_wconf 87' lang='lat' dir='ltr'>quum</span> <span class='ocrx_word' id='word_1_398' title='bbox 1390 1248 1497 1270; x_wconf 89' lang='lat' dir='ltr'>unum</span> <span class='ocrx_word' id='word_1_399' title='bbox 1534 1236 1673 1271; x_wconf 85' lang='lat' dir='ltr'>tabulae</span> <span class='ocrx_word' id='word_1_400' title='bbox 1704 1245 1807 1283; x_wconf 82' lang='lat' dir='ltr'>caput</span> <span class='ocrx_word' id='word_1_401' title='bbox 1839 1235 2007 1284; x_wconf 84' lang='lat' dir='ltr'>deprimi-</span> 
     </span>
     <span class='ocr_line' id='line_1_70' title="bbox 1245 1286 2005 1335; baseline 0.004 -15"><span class='ocrx_word' id='word_1_402' title='bbox 1245 1295 1328 1325; x_wconf 88' lang='lat' dir='ltr'>tur,</span> <span class='ocrx_word' id='word_1_403' title='bbox 1365 1287 1513 1321; x_wconf 86' lang='lat' dir='ltr'>alterum</span> <span class='ocrx_word' id='word_1_404' title='bbox 1543 1286 1719 1335; x_wconf 85' lang='lat' dir='ltr'>erigatur.</span> <span class='ocrx_word' id='word_1_405' title='bbox 1757 1289 1855 1322; x_wconf 84' lang='lat' dir='ltr'>Haec</span> <span class='ocrx_word' id='word_1_406' title='bbox 1894 1287 2005 1334; x_wconf 87' lang='lat' dir='ltr'>prima</span> 
     </span>
     <span class='ocr_line' id='line_1_71' title="bbox 1245 1336 2006 1385; baseline 0.004 -15"><span class='ocrx_word' id='word_1_407' title='bbox 1245 1336 1321 1371; x_wconf 90' lang='lat' dir='ltr'>ludi</span> <span class='ocrx_word' id='word_1_408' title='bbox 1362 1336 1565 1376; x_wconf 88' lang='lat' dir='ltr'>institutio,</span> <span class='ocrx_word' id='word_1_409' title='bbox 1607 1346 1711 1385; x_wconf 84' lang='lat' dir='ltr'>atque</span> <span class='ocrx_word' id='word_1_410' title='bbox 1753 1336 1835 1372; x_wconf 84' lang='lat' dir='ltr'>inde</span> <span class='ocrx_word' id='word_1_411' title='bbox 1877 1351 2006 1373; x_wconf 87' lang='lat' dir='ltr'>nomen</span> 
     </span>
     <span class='ocr_line' id='line_1_72' title="bbox 1245 1386 2008 1427; baseline 0.004 -7"><span class='ocrx_word' id='word_1_412' title='bbox 1245 1386 1427 1426; x_wconf 70' lang='lat' dir='ltr'>Ahakna,</span> <span class='ocrx_word' id='word_1_413' title='bbox 1454 1400 1495 1422; x_wconf 85' lang='lat' dir='ltr'>ex</span> <span class='ocrx_word' id='word_1_414' title='bbox 1525 1386 1657 1423; x_wconf 81' lang='lat' dir='ltr'>Latino</span> <span class='ocrx_word' id='word_1_415' title='bbox 1685 1389 1836 1427; x_wconf 82' lang='lat' dir='ltr'>Tolleno,</span> <span class='ocrx_word' id='word_1_416' title='bbox 1862 1389 2008 1423; x_wconf 88' lang='lat' dir='ltr'>Tolleno-</span> 
     </span>
     <span class='ocr_line' id='line_1_73' title="bbox 1246 1437 2006 1485; baseline 0.007 -15"><span class='ocrx_word' id='word_1_417' title='bbox 1246 1437 1295 1470; x_wconf 81' lang='lat' dir='ltr'>nis</span> <span class='ocrx_word' id='word_1_418' title='bbox 1323 1437 1445 1483; x_wconf 84' lang='lat' dir='ltr'>(quod</span> <span class='ocrx_word' id='word_1_419' title='bbox 1481 1438 1515 1471; x_wconf 81' lang='lat'>8&lt;</span> <span class='ocrx_word' id='word_1_420' title='bbox 1553 1438 1739 1485; x_wconf 86' lang='lat' dir='ltr'>Menagius</span> <span class='ocrx_word' id='word_1_421' title='bbox 1775 1438 1867 1473; x_wconf 59' lang='lat' dir='ltr'>reRe</span> <span class='ocrx_word' id='word_1_422' title='bbox 1904 1448 2006 1475; x_wconf 84' lang='lat' dir='ltr'>antea</span> 
     </span>
     <span class='ocr_line' id='line_1_74' title="bbox 1247 1486 2010 1535; baseline 0.004 -14"><span class='ocrx_word' id='word_1_423' title='bbox 1247 1486 1529 1534; x_wconf 86' lang='lat' dir='ltr'>animadvertit)</span> <span class='ocrx_word' id='word_1_424' title='bbox 1558 1487 1750 1535; x_wconf 73' lang='lat' dir='ltr'>praeposito</span> <span class='ocrx_word' id='word_1_425' title='bbox 1778 1486 1925 1523; x_wconf 84' lang='lat' dir='ltr'>fortaffis</span> <span class='ocrx_word' id='word_1_426' title='bbox 1956 1502 2010 1524; x_wconf 87' lang='lat' dir='ltr'>ar-</span> 
     </span>
     <span class='ocr_line' id='line_1_75' title="bbox 1246 1536 2010 1586; baseline 0.001 -14"><span class='ocrx_word' id='word_1_427' title='bbox 1246 1536 1359 1573; x_wconf 88' lang='lat' dir='ltr'>ticulo</span> <span class='ocrx_word' id='word_1_428' title='bbox 1383 1539 1436 1573; x_wconf 55' lang='lat' dir='ltr'>ssl</span> <span class='ocrx_word' id='word_1_429' title='bbox 1459 1538 1617 1574; x_wconf 89' lang='lat' dir='ltr'>Arabum</span> <span class='ocrx_word' id='word_1_430' title='bbox 1646 1551 1764 1582; x_wconf 88' lang='lat' dir='ltr'>more,</span> <span class='ocrx_word' id='word_1_431' title='bbox 1790 1552 1914 1586; x_wconf 89' lang='lat' dir='ltr'>nempe</span> <span class='ocrx_word' id='word_1_432' title='bbox 1939 1540 2010 1575; x_wconf 75' lang='lat' dir='ltr'>Al-</span> 
     </span>
     <span class='ocr_line' id='line_1_76' title="bbox 1247 1587 2010 1633; baseline 0.003 -10"><span class='ocrx_word' id='word_1_433' title='bbox 1247 1589 1402 1633; x_wconf 82' lang='lat' dir='ltr'>Tolleno‚</span> <span class='ocrx_word' id='word_1_434' title='bbox 1440 1587 1559 1624; x_wconf 83' lang='lat' dir='ltr'>sensim</span> <span class='ocrx_word' id='word_1_435' title='bbox 1591 1599 1820 1629; x_wconf 83' lang='lat' dir='ltr'>corruptum,</span> <span class='ocrx_word' id='word_1_436' title='bbox 1856 1588 1893 1625; x_wconf 75' lang='grc' dir='ltr'>ὅ(</span> <span class='ocrx_word' id='word_1_437' title='bbox 1924 1603 2010 1625; x_wconf 89' lang='lat' dir='ltr'>con-</span> 
     </span>
     <span class='ocr_line' id='line_1_77' title="bbox 1250 1638 2009 1686; baseline 0.003 -12"><span class='ocrx_word' id='word_1_438' title='bbox 1250 1638 1383 1675; x_wconf 87' lang='lat' dir='ltr'>versum</span> <span class='ocrx_word' id='word_1_439' title='bbox 1406 1639 1442 1674; x_wconf 92' lang='lat' dir='ltr'>in</span> <span class='ocrx_word' id='word_1_440' title='bbox 1464 1640 1644 1676; x_wconf 75' lang='lat' dir='ltr'>Altalena.</span> <span class='ocrx_word' id='word_1_441' title='bbox 1667 1642 1767 1686; x_wconf 82' lang='lat' dir='ltr'>Quae</span> <span class='ocrx_word' id='word_1_442' title='bbox 1788 1640 2009 1676; x_wconf 85' lang='lat' dir='ltr'>animadver-</span> 
     </span>
     <span class='ocr_line' id='line_1_78' title="bbox 1248 1689 2009 1740; baseline 0.001 -15"><span class='ocrx_word' id='word_1_443' title='bbox 1248 1689 1294 1725; x_wconf 90' lang='lat' dir='ltr'>fio</span> <span class='ocrx_word' id='word_1_444' title='bbox 1323 1689 1581 1726; x_wconf 88' lang='lat' dir='ltr'>dubitationem</span> <span class='ocrx_word' id='word_1_445' title='bbox 1619 1690 1775 1740; x_wconf 84' lang='lat' dir='ltr'>ingerere</span> <span class='ocrx_word' id='word_1_446' title='bbox 1803 1691 1936 1740; x_wconf 88' lang='lat' dir='ltr'>potest,</span> <span class='ocrx_word' id='word_1_447' title='bbox 1965 1704 2009 1727; x_wconf 85' lang='lat' dir='ltr'>an</span> 
     </span>
     <span class='ocr_line' id='line_1_79' title="bbox 1248 1741 2010 1788; baseline 0.003 -13"><span class='ocrx_word' id='word_1_448' title='bbox 1248 1741 1416 1776; x_wconf 84' lang='lat' dir='ltr'>articulos</span> <span class='ocrx_word' id='word_1_449' title='bbox 1453 1741 1583 1777; x_wconf 88' lang='lat' dir='ltr'>nostros</span> <span class='ocrx_word' id='word_1_450' title='bbox 1613 1755 1654 1776; x_wconf 85' lang='lat' dir='ltr'>ex</span> <span class='ocrx_word' id='word_1_451' title='bbox 1683 1741 1837 1777; x_wconf 86' lang='lat' dir='ltr'>Arabica</span> <span class='ocrx_word' id='word_1_452' title='bbox 1869 1742 2010 1788; x_wconf 81' lang='lat' dir='ltr'>Lingua</span> 
     </span>
     <span class='ocr_line' id='line_1_80' title="bbox 1249 1791 2009 1838; baseline 0 -11"><span class='ocrx_word' id='word_1_453' title='bbox 1249 1791 1396 1838; x_wconf 88' lang='lat' dir='ltr'>majores</span> <span class='ocrx_word' id='word_1_454' title='bbox 1424 1791 1528 1826; x_wconf 86' lang='lat' dir='ltr'>nostri</span> <span class='ocrx_word' id='word_1_455' title='bbox 1558 1791 1690 1827; x_wconf 87' lang='lat' dir='ltr'>fuerint</span> <span class='ocrx_word' id='word_1_456' title='bbox 1722 1791 1894 1826; x_wconf 87' lang='lat' dir='ltr'>mutuati.</span> <span class='ocrx_word' id='word_1_457' title='bbox 1933 1791 2009 1837; x_wconf 83' lang='lat' dir='ltr'>Qui</span> 
     </span>
     <span class='ocr_line' id='line_1_81' title="bbox 1248 1841 2011 1887; baseline -0.001 -9"><span class='ocrx_word' id='word_1_458' title='bbox 1248 1841 1355 1878; x_wconf 89' lang='lat' dir='ltr'>etiam</span> <span class='ocrx_word' id='word_1_459' title='bbox 1384 1854 1476 1876; x_wconf 87' lang='lat' dir='ltr'>nunc</span> <span class='ocrx_word' id='word_1_460' title='bbox 1505 1841 1607 1877; x_wconf 87' lang='lat' dir='ltr'>nobis</span> <span class='ocrx_word' id='word_1_461' title='bbox 1635 1841 1679 1876; x_wconf 88' lang='lat' dir='ltr'>est</span> <span class='ocrx_word' id='word_1_462' title='bbox 1707 1842 1757 1885; x_wconf 89' lang='lat' dir='ltr'>Il,</span> <span class='ocrx_word' id='word_1_463' title='bbox 1795 1841 1884 1887; x_wconf 87' lang='lat' dir='ltr'>apud</span> <span class='ocrx_word' id='word_1_464' title='bbox 1913 1853 2011 1877; x_wconf 89' lang='lat' dir='ltr'>vete-</span> 
     </span>
     <span class='ocr_line' id='line_1_82' title="bbox 1249 1891 2009 1940; baseline -0.001 -11"><span class='ocrx_word' id='word_1_465' title='bbox 1249 1906 1301 1929; x_wconf 87' lang='lat' dir='ltr'>res</span> <span class='ocrx_word' id='word_1_466' title='bbox 1325 1905 1395 1927; x_wconf 89' lang='lat' dir='ltr'>non</span> <span class='ocrx_word' id='word_1_467' title='bbox 1420 1905 1498 1928; x_wconf 88' lang='lat' dir='ltr'>raro</span> <span class='ocrx_word' id='word_1_468' title='bbox 1522 1893 1567 1927; x_wconf 86' lang='lat' dir='ltr'>El</span> <span class='ocrx_word' id='word_1_469' title='bbox 1592 1891 1682 1932; x_wconf 88' lang='lat' dir='ltr'>fuit,</span> <span class='ocrx_word' id='word_1_470' title='bbox 1707 1905 1777 1940; x_wconf 91' lang='lat' dir='ltr'>quo</span> <span class='ocrx_word' id='word_1_471' title='bbox 1803 1893 1850 1926; x_wconf 91' lang='lat' dir='ltr'>El</span> <span class='ocrx_word' id='word_1_472' title='bbox 1875 1892 2009 1928; x_wconf 87' lang='lat' dir='ltr'>Arabes</span> 
     </span>
     <span class='ocr_line' id='line_1_83' title="bbox 1251 1941 2008 1992; baseline 0 -13"><span class='ocrx_word' id='word_1_473' title='bbox 1251 1943 1357 1987; x_wconf 86' lang='lat' dir='ltr'>usos,</span> <span class='ocrx_word' id='word_1_474' title='bbox 1394 1956 1504 1992; x_wconf 81' lang='lat' dir='ltr'>nuper</span> <span class='ocrx_word' id='word_1_475' title='bbox 1543 1956 1606 1979; x_wconf 89' lang='lat' dir='ltr'>nos</span> <span class='ocrx_word' id='word_1_476' title='bbox 1642 1943 1764 1978; x_wconf 90' lang='lat' dir='ltr'>docuit</span> <span class='ocrx_word' id='word_1_477' title='bbox 1802 1941 2008 1979; x_wconf 88' lang='lat' dir='ltr'>Matthaeus</span> 
     </span>
     <span class='ocr_line' id='line_1_84' title="bbox 1251 1992 2011 2042; baseline -0.001 -12"><span class='ocrx_word' id='word_1_478' title='bbox 1251 1993 1460 2030; x_wconf 83' lang='lat' dir='ltr'>silvaticus.</span> <span class='ocrx_word' id='word_1_479' title='bbox 1497 1996 1584 2030; x_wconf 88' lang='lat' dir='ltr'>Sunt</span> <span class='ocrx_word' id='word_1_480' title='bbox 1620 1993 1681 2042; x_wconf 92' lang='lat' dir='ltr'>qui</span> <span class='ocrx_word' id='word_1_481' title='bbox 1721 2001 1844 2041; x_wconf 84' lang='lat' dir='ltr'>putant</span> <span class='ocrx_word' id='word_1_482' title='bbox 1880 1992 2011 2040; x_wconf 82' lang='lat' dir='ltr'>(atque</span> 
     </span>
     <span class='ocr_line' id='line_1_85' title="bbox 1251 2043 2009 2081; baseline 0 -1"><span class='ocrx_word' id='word_1_483' title='bbox 1251 2045 1343 2081; x_wconf 88' lang='lat' dir='ltr'>inter</span> <span class='ocrx_word' id='word_1_484' title='bbox 1366 2058 1423 2080; x_wconf 91' lang='lat' dir='ltr'>eos</span> <span class='ocrx_word' id='word_1_485' title='bbox 1444 2044 1675 2080; x_wconf 82' lang='lat' dir='ltr'>Bouhoursius</span> <span class='ocrx_word' id='word_1_486' title='bbox 1696 2044 1733 2080; x_wconf 88' lang='lat' dir='ltr'>in</span> <span class='ocrx_word' id='word_1_487' title='bbox 1755 2043 1938 2079; x_wconf 83' lang='lat' dir='ltr'>Entretien</span> <span class='ocrx_word' id='word_1_488' title='bbox 1961 2044 2009 2080; x_wconf 80' lang='lat' dir='ltr'>II.</span> 
     </span>
     <span class='ocr_line' id='line_1_86' title="bbox 1251 2094 2009 2143; baseline -0.001 -12"><span class='ocrx_word' id='word_1_489' title='bbox 1251 2095 1283 2131; x_wconf 91' lang='lat' dir='ltr'>d&#39;</span> <span class='ocrx_word' id='word_1_490' title='bbox 1296 2095 1435 2143; x_wconf 84' lang='lat' dir='ltr'>Ariste)</span> <span class='ocrx_word' id='word_1_491' title='bbox 1458 2095 1642 2131; x_wconf 86' lang='lat' dir='ltr'>Articulos</span> <span class='ocrx_word' id='word_1_492' title='bbox 1666 2096 1783 2131; x_wconf 90' lang='lat' dir='ltr'>nullos</span> <span class='ocrx_word' id='word_1_493' title='bbox 1806 2094 1905 2131; x_wconf 80' lang='lat' dir='ltr'>fuiffe</span> <span class='ocrx_word' id='word_1_494' title='bbox 1925 2095 2009 2130; x_wconf 85' lang='lat' dir='ltr'>Gal·</span> 
     </span>
     <span class='ocr_line' id='line_1_87' title="bbox 1251 2146 2011 2195; baseline -0.003 -12"><span class='ocrx_word' id='word_1_495' title='bbox 1251 2147 1339 2183; x_wconf 85' lang='lat' dir='ltr'>licae</span> <span class='ocrx_word' id='word_1_496' title='bbox 1366 2146 1527 2195; x_wconf 85' lang='lat' dir='ltr'>Linguae</span> <span class='ocrx_word' id='word_1_497' title='bbox 1555 2146 1660 2194; x_wconf 82' lang='lat' dir='ltr'>usque</span> <span class='ocrx_word' id='word_1_498' title='bbox 1687 2146 1728 2181; x_wconf 89' lang='lat' dir='ltr'>ad</span> <span class='ocrx_word' id='word_1_499' title='bbox 1754 2146 1860 2182; x_wconf 86' lang='lat' dir='ltr'>finem</span> <span class='ocrx_word' id='word_1_500' title='bbox 1886 2147 2011 2182; x_wconf 82' lang='lat' dir='ltr'>Saecu-</span> 
     </span>
     <span class='ocr_line' id='line_1_88' title="bbox 1251 2196 2010 2239; baseline -0.003 -6"><span class='ocrx_word' id='word_1_501' title='bbox 1251 2199 1279 2235; x_wconf 90' lang='lat' dir='ltr'>li</span> <span class='ocrx_word' id='word_1_502' title='bbox 1309 2200 1370 2233; x_wconf 85' lang='lat' dir='ltr'>IX.</span> <span class='ocrx_word' id='word_1_503' title='bbox 1399 2200 1459 2233; x_wconf 90' lang='lat' dir='ltr'>An</span> <span class='ocrx_word' id='word_1_504' title='bbox 1490 2207 1582 2233; x_wconf 84' lang='lat' dir='ltr'>certa</span> <span class='ocrx_word' id='word_1_505' title='bbox 1614 2197 1653 2233; x_wconf 86' lang='lat' dir='ltr'>fit</span> <span class='ocrx_word' id='word_1_506' title='bbox 1683 2196 1782 2233; x_wconf 88' lang='lat' dir='ltr'>illius</span> <span class='ocrx_word' id='word_1_507' title='bbox 1811 2196 2010 2239; x_wconf 83' lang='lat' dir='ltr'>sententia,</span> 
     </span>
     <span class='ocr_line' id='line_1_89' title="bbox 1251 2249 2008 2296; baseline -0.005 -12"><span class='ocrx_word' id='word_1_508' title='bbox 1251 2263 1294 2285; x_wconf 88' lang='lat' dir='ltr'>ex</span> <span class='ocrx_word' id='word_1_509' title='bbox 1339 2249 1460 2296; x_wconf 86' lang='lat' dir='ltr'>inopia</span> <span class='ocrx_word' id='word_1_510' title='bbox 1503 2257 1811 2284; x_wconf 86' lang='lat' dir='ltr'>monumentorum</span> <span class='ocrx_word' id='word_1_511' title='bbox 1851 2256 2008 2283; x_wconf 82' lang='lat' dir='ltr'>veterum</span> 
     </span>
     <span class='ocr_line' id='line_1_90' title="bbox 1251 2297 2009 2347; baseline -0.007 -12"><span class='ocrx_word' id='word_1_512' title='bbox 1251 2300 1410 2336; x_wconf 87' lang='lat' dir='ltr'>Gallicae</span> <span class='ocrx_word' id='word_1_513' title='bbox 1435 2300 1618 2347; x_wconf 78' lang='lat' dir='ltr'>Linguae,</span> <span class='ocrx_word' id='word_1_514' title='bbox 1642 2312 1747 2336; x_wconf 90' lang='lat' dir='ltr'>nemo</span> <span class='ocrx_word' id='word_1_515' title='bbox 1770 2298 1872 2335; x_wconf 88' lang='lat' dir='ltr'>facile</span> <span class='ocrx_word' id='word_1_516' title='bbox 1892 2297 2009 2331; x_wconf 84' lang='lat' dir='ltr'>decer-</span> 
     </span>
     <span class='ocr_line' id='line_1_91' title="bbox 1250 2346 2009 2400; baseline -0.008 -13"><span class='ocrx_word' id='word_1_517' title='bbox 1250 2360 1335 2400; x_wconf 75' lang='lat' dir='ltr'>nat3</span> <span class='ocrx_word' id='word_1_518' title='bbox 1364 2350 1418 2387; x_wconf 85' lang='lat' dir='ltr'>uti</span> <span class='ocrx_word' id='word_1_519' title='bbox 1443 2364 1554 2399; x_wconf 89' lang='lat' dir='ltr'>neque</span> <span class='ocrx_word' id='word_1_520' title='bbox 1579 2364 1641 2386; x_wconf 89' lang='lat' dir='ltr'>nos</span> <span class='ocrx_word' id='word_1_521' title='bbox 1669 2349 1813 2386; x_wconf 88' lang='lat' dir='ltr'>innuere</span> <span class='ocrx_word' id='word_1_522' title='bbox 1837 2346 2009 2396; x_wconf 70' lang='lat' dir='ltr'>possumus</span> 
     </span>
     <span class='ocr_line' id='line_1_92' title="bbox 1251 2399 2009 2450; baseline -0.007 -12"><span class='ocrx_word' id='word_1_523' title='bbox 1251 2412 1410 2448; x_wconf 87' lang='lat' dir='ltr'>tempus,</span> <span class='ocrx_word' id='word_1_524' title='bbox 1425 2415 1495 2450; x_wconf 91' lang='lat' dir='ltr'>quo</span> <span class='ocrx_word' id='word_1_525' title='bbox 1516 2401 1553 2438; x_wconf 88' lang='lat' dir='ltr'>in</span> <span class='ocrx_word' id='word_1_526' title='bbox 1575 2401 1720 2437; x_wconf 88' lang='lat' dir='ltr'>nostram</span> <span class='ocrx_word' id='word_1_527' title='bbox 1741 2399 1916 2447; x_wconf 85' lang='lat' dir='ltr'>Linguam</span> <span class='ocrx_word' id='word_1_528' title='bbox 1939 2399 2009 2433; x_wconf 86' lang='lat' dir='ltr'>Ar-</span> 
     </span>
     <span class='ocr_line' id='line_1_93' title="bbox 1251 2447 2009 2493; baseline -0.009 -4"><span class='ocrx_word' id='word_1_529' title='bbox 1251 2453 1356 2489; x_wconf 88' lang='lat' dir='ltr'>ticuli</span> <span class='ocrx_word' id='word_1_530' title='bbox 1384 2453 1491 2489; x_wconf 82' lang='lat' dir='ltr'>iidem</span> <span class='ocrx_word' id='word_1_531' title='bbox 1514 2452 1647 2488; x_wconf 70' lang='lat' dir='ltr'>invezffi</span> <span class='ocrx_word' id='word_1_532' title='bbox 1668 2449 1819 2485; x_wconf 81' lang='lat' dir='ltr'>fuerint.</span> <span class='ocrx_word' id='word_1_533' title='bbox 1846 2447 1952 2493; x_wconf 88' lang='lat' dir='ltr'>Quod</span> <span class='ocrx_word' id='word_1_534' title='bbox 1973 2462 2009 2483; x_wconf 87' lang='lat' dir='ltr'>e-</span> 
     </span>
     <span class='ocr_line' id='line_1_94' title="bbox 1252 2498 2008 2539; baseline -0.005 0"><span class='ocrx_word' id='word_1_535' title='bbox 1252 2503 1338 2539; x_wconf 90' lang='lat' dir='ltr'>tiam</span> <span class='ocrx_word' id='word_1_536' title='bbox 1368 2503 1408 2539; x_wconf 87' lang='lat' dir='ltr'>ad</span> <span class='ocrx_word' id='word_1_537' title='bbox 1439 2503 1581 2538; x_wconf 89' lang='lat' dir='ltr'>nomina</span> <span class='ocrx_word' id='word_1_538' title='bbox 1609 2499 1793 2536; x_wconf 86' lang='lat' dir='ltr'>indefinita</span> <span class='ocrx_word' id='word_1_539' title='bbox 1822 2498 2008 2535; x_wconf 81' lang='lat' dir='ltr'>indicanda</span> 
     </span>
     <span class='ocr_line' id='line_1_95' title="bbox 1252 2550 2009 2601; baseline -0.009 -12"><span class='ocrx_word' id='word_1_540' title='bbox 1252 2566 1315 2589; x_wconf 89' lang='lat' dir='ltr'>nos</span> <span class='ocrx_word' id='word_1_541' title='bbox 1353 2553 1552 2601; x_wconf 76' lang='lat' dir='ltr'>usurpamus</span> <span class='ocrx_word' id='word_1_542' title='bbox 1589 2550 1743 2587; x_wconf 84' lang='lat' dir='ltr'>dicentes</span> <span class='ocrx_word' id='word_1_543' title='bbox 1773 2553 1822 2587; x_wconf 68' lang='lat' dir='ltr'>Uri</span> <span class='ocrx_word' id='word_1_544' title='bbox 1849 2550 2009 2594; x_wconf 65' lang='lat' dir='ltr'>Cavallo,</span> 
     </span>
     <span class='ocr_line' id='line_1_96' title="bbox 1898 2614 1964 2635; baseline 0 0"><span class='ocrx_word' id='word_1_545' title='bbox 1898 2614 1964 2635; x_wconf 65' lang='lat' dir='ltr'>tma-</span> 
     </span>
    </p>
   </div>
  </div>
 </body>
</html>
