2169 3047
391 206 473 259 807
739 201 1104 260 ANTJQMT.
1145 198 1354 244 MEDH
1387 199 1548 242 ΑΕνι
1813 205 1896 247 808

331 264 520 303 Ρονεβίενε.
537 263 682 298 Advena
694 290 703 299 .
720 261 907 311 Menagius
925 276 982 310 per
1003 261 1089 296 hanc
1124 263 1160 297 A

384 314 510 349 scalam
536 327 554 349 a
575 317 675 349 Foras
701 314 788 349 hanc
814 326 934 348 vocem
956 312 1086 348 traxit:

383 367 510 405 Foras,
552 365 668 409 Foris,
710 364 854 405 Forensis
870 391 880 408 ‚
922 363 1062 406 forestus
1079 389 1088 406 ,

383 415 599 458 forestarius.
630 418 711 452 Non
740 429 782 451 ex
809 428 878 451 uno
903 417 1002 449 Foras
1029 426 1087 448 na-

382 475 460 501 tum
498 467 686 510 forestim,
723 465 777 501 sed
815 479 833 501 a
869 467 996 508 Foras,
1032 463 1087 499 seu

381 517 497 560 Foris,
523 517 556 551 &
584 520 694 551 Stare.
732 518 785 550 Ita
812 514 905 551 enim
935 515 1086 562 appella-

380 566 434 609 ti,
461 566 674 614 quicumque
701 566 832 600 stabant
856 564 924 600 five
952 565 1086 600 habita-

382 617 469 652 bant
494 617 592 651 Fuori
621 617 672 650 del
706 617 848 650 Conrado
874 629 890 649 e
919 615 1087 655 Dislmto.

381 669 567 715 Propterea
601 665 638 702 δε
675 665 712 702 in
740 666 888 701 exilium
926 665 995 701 3511
1026 679 1085 702 ex·

378 726 433 753 tra
457 716 706 760 Comitatum‚
728 716 894 765 appellati
921 715 998 751 sunt
1022 718 1084 750 Fo-
1130 714 1158 748 B

377 767 510 809 vallati.
550 769 588 802 In
617 769 756 802 Statuto
794 766 901 802 Msto
934 767 1087 812 promul-

379 828 462 866 gato
490 831 508 853 a
540 817 732 863 Republica
760 815 954 853 Mutinensi
984 819 1091 853 Anno

377 869 642 905 MGCLxxv.
689 867 772 904 haec
815 867 942 917 scripta
986 867 1087 903 sunt:

376 922 426 954 Et
454 919 609 962 Potestas,
632 919 687 964 seu
723 918 871 954 Ret‘lores
909 920 1090 952 Communis

376 971 552 1014 Mutinae,
579 980 744 1005 teneantur
779 970 879 1016 ipsum
905 969 1090 1003 homicidam

377 1021 557 1056 Banm‘tum
582 1020 626 1059 &¹
653 1021 852 1062 Forastatum
876 1023 1020 1066 perpetuo
1045 1031 1086 1053 te-

378 1084 471 1106 nere.
500 1073 552 1107 Ita
582 1072 741 1114 Forulcito
768 1083 785 1105 a
815 1071 904 1104 Foris
941 1069 994 1104 seu
1024 1072 1087 1104 1⁷0-

376 1133 430 1155 eas
456 1123 489 1156 8<
521 1125 625 1160 Exeo,
652 1131 869 1161 nuncupatus
896 1119 940 1154 est
964 1120 1089 1158 Civis,

378 1171 439 1219 qui
469 1171 590 1219 sponte
618 1172 674 1205 vel
711 1169 850 1205 conaus
888 1169 1088 1205 exsulabat.

326 1222 486 1257 Ἱππίῃ.
523 1221 699 1265 Confitere,
729 1220 900 1265 Poficere,
937 1219 974 1255 &
1001 1222 1091 1264 plene

378 1275 595 1315 Prae-parare,
624 1270 679 1305 seu
707 1272 855 1308 [aarum
879 1271 1020 1316 aliquia.
1052 1274 1087 1304 ln

377 1331 528 1367 utroque
558 1319 651 1354 sensu
680 1319 918 1365 antiquiffima
947 1332 1015 1353 vox
1044 1320 1088 1354 est

377 1371 524 1406 Italicae
547 1382 652 1416 aeque
673 1381 710 1403 ac
729 1370 887 1403 Gallicae
906 1368 1066 1410 Linguae
1081 1396 1088 1410 ‚

376 1435 466 1469 quae
511 1420 650 1455 Fuurnir
687 1419 801 1461 dicit,
839 1419 871 1453 ἃ
916 1420 1089 1467 Anglicae

376 1471 474 1508 dedit
510 1483 540 1505 to
568 1471 729 1506 Furnim.
771 1469 864 1505 Utra
901 1471 942 1504 ab
981 1471 1089 1504 altera

377 1523 558 1564 manarit,
598 1521 802 1556 incertum.
845 1520 1013 1556 Brevibus
1059 1520 1089 1556 se

377 1572 522 1619 expednt
552 1572 736 1619 Menagius
757 1598 766 1611 ,
797 1570 985 1617 inquiens,
1014 1572 1085 1606 veri

376 1623 489 1659 fimile
516 1623 607 1662 effe.
646 1635 663 1657 a
694 1622 804 1656 Fim‘re
842 1622 929 1656 hanc
965 1635 1086 1657 vocem

376 1673 476 1709 {uisse
504 1673 708 1708 deduE’tarn.
739 1675 834 1707 Haec
864 1672 956 1707 inter
985 1672 1015 1708 se
1045 1673 1086 1708 li-

375 1734 528 1761 terarum
570 1729 653 1759 {ono
682 1723 830 1758 distant.
869 1725 970 1768 Quae
1007 1737 1089 1771 ergo

377 1776 488 1810 tauffa
514 1776 752 1810 immuvandae
779 1774 879 1821 hujus
907 1775 1002 1809 vocis
1030 1777 1087 1808 Fr-

378 1826 475 1860 nire?
505 1825 736 1874 Du-Cangius
763 1838 845 1859 vero
872 1825 922 1859 ita
948 1824 1089 1859 scribit.

378 1878 470 1911 Nata
505 1890 567 1911 vox
603 1876 819 1923 (foui-nir)
856 1878 942 1922 apud
978 1878 1090 1918 nostros

378 1927 509 1961 videtur
535 1944 554 1962 a
581 1929 720 1971 Furnis,
749 1940 841 1974 quum
870 1926 999 1960 cot‘luris
1028 1927 1090 1965 [αἱς

377 1977 475 2024 plene'
498 1978 642 2019 instrut‘li
669 1978 762 2021 sunt,
800 1978 846 2011 ita
882 1987 917 2011 ut
944 1978 1028 2011 nibil
1056 1979 1089 2011 in

380 2028 424 2061 eis
455 2029 584 2061 immitti
619 2030 726 2073 poffit.
766 2027 886 2063 Nimis
923 2029 993 2063 late
1030 2041 1086 2063 ex-

379 2076 505 2122 quifira
534 2078 659 2123 origo.
692 2079 776 2111 Sunt
804 2079 897 2112 enim
928 2079 1085 2113 innume-

379 2140 438 2166 ra,
467 2139 553 2173 quae
591 2127 788 2171 replentur.
826 2128 875 2161 ita
905 2139 942 2162 ut
973 2130 1022 2163 nil
1055 2142 1088 2164 a·

376 2178 454 2213 liud
498 2177 584 2212 illuc
627 2176 728 2221 possit
769 2173 922 2212 inferri.
967 2181 1090 2226 Neque

378 2232 510 2264 fumus
539 2227 662 2263 desinit
692 2227 756 2263 esse
788 2229 943 2270 furnus,
981 2230 1087 2265 etiam

376 2278 401 2314 fi
432 2293 550 2328 parum
579 2289 638 2314 aut
664 2279 753 2314 nihil
783 2280 999 2325 coquendum
1029 2281 1085 2316 ha—

378 2331 478 2367 beat.
522 2330 707 2376 Reliquum
737 2328 848 2377 igitur
875 2329 940 2371 est.
970 2342 1007 2366 ut
1034 2331 1088 2366 di-

381 2381 548 2428 ligentius
580 2381 720 2416 Eruditi
750 2380 987 2428 perpendant,
1024 2396 1087 2416 un-

378 2432 421 2466 de
450 2431 487 2465 fir
520 2433 705 2467 derivanda
735 2444 804 2466 vox
842 2431 923 2475 ista,
959 2433 1001 2467 de
1029 2446 1087 2468 cu-

378 2483 433 2533 jus
460 2482 597 2531 origine
622 2484 672 2518 nil
702 2481 788 2518 mihi
815 2482 925 2518 adhuc
953 2482 1087 2518 succur—

377 2533 452 2582 rit,
487 2533 551 2572 nifi
587 2533 737 2584 suspicio
764 2534 904 2583 aliqua.
940 2534 1088 2585 potuifl'e

1251 256 1360 306 ipsam
1396 258 1598 296 descendere
1632 273 1651 295 a
1687 261 1790 304 Foro,
1827 262 1956 312 fignifi-

1250 318 1351 345 cante
1387 309 1603 346 affluentiam
1646 324 1758 347 rerum
1798 315 1956 351 comesti—

1251 359 1408 410 bilium3
1437 372 1496 397 aut
1524 362 1640 409 aliqua
1667 363 1848 401 literarum
1878 379 1955 401 mu-

1250 413 1385 447 tatione
1405 425 1447 448 ex
1468 412 1542 460 ipso
1563 413 1659 448 fonte
1681 414 1863 461 prodiiffe,
1891 430 1955 453 un·-

1248 460 1290 496 de
1333 461 1510 498 fluxerunt
1549 465 1730 507 Gmuruire,
1771 469 1953 512 Guarnim,

1248 515 1498 551 Guarm'mento,
1536 513 1628 547 idem
1659 513 1888 561 fignificantia
1915 531 1954 554 ac

1248 563 1408 604 Fomire,
1445 563 1600 601 Fornito,
1639 565 1862 601 Fornimento.
1900 568 1956 604 Est

1248 622 1364 647 antem
1395 614 1552 646 Guarnire
1579 613 1808 649 Germanicae
1843 616 1955 665 origi-

1248 663 1327 698 nis.
1362 664 1399 697 ln
1428 663 1691 711 Capitularibus
1719 665 1841 700 Caroli
1870 669 1956 703 Cal-

1247 713 1284 747 vi
1314 713 1468 748 occurrit
1494 718 1532 748 de
1554 718 1609 757 Juo
1630 713 1673 754 lit
1701 717 1866 751 Warm'tus
1894 718 1956 764 ([-

1246 762 1353 799 talice
1380 765 1604 812 Proweduto)
1633 770 1679 802 (φ
1705 767 1749 799 ad
1776 767 1827 800 hoc
1854 781 1956 803 omnes

1241 816 1361 858 semper
1388 816 1530 849 Warm'ti
1551 815 1636 856 sint.
1666 815 1761 851 Hinc
1786 818 1953 858 Garnilio,

1246 864 1417 911 quidquid
1463 865 1504 899 ad
1548 866 1770 901 muniendam
1823 870 1953 905 Urbem

1246 917 1381 950 annona
1419 913 1456 951 ὃ(
1493 929 1598 951 armis
1627 916 1849 953 necessarium
1884 919 1953 956 est.

1245 967 1304 1000 An
1330 977 1444 1000 autem
1468 968 1613 1001 Warnire
1634 966 1855 1004 efformatum
1881 968 1955 1006 fue-

1244 1016 1292 1050 rit
1320 1029 1338 1051 a
1365 1017 1576 1052 Germanico
1607 1020 1763 1060 Waezem
1797 1024 1952 1065 Servare,

1244 1068 1461 1108 confertum,
1498 1068 1551 1103 uti
1588 1078 1752 1115 opinatus
1788 1070 1832 1105 est
1864 1070 1953 1106 Vos-

1245 1114 1330 1154 ssus,
1358 1117 1438 1151 aliis
1467 1119 1743 1164 perpendendum
1771 1122 1954 1168 relinque.

1246 1166 1340 1201 Fieri
1377 1176 1490 1202 autem
1531 1167 1679 1215 potuiffe
1717 1169 1880 1210 videtur,
1917 1179 1957 1206 ut

1244 1217 1536 1264 Septentrionalis
1586 1218 1702 1265 aliqua
1750 1221 1849 1255 natio
1895 1220 1954 1257 sua

1247 1267 1410 1302 Diale-&o
1443 1278 1564 1307 urens,
1596 1269 1749 1312 Forum,
1786 1270 1841 1305 seu
1873 1274 1955 1304 Fur-

1244 1317 1311 1349 nire
1339 1317 1602 1362 pronuntiarit,
1632 1317 1724 1362 quod
1764 1320 1852 1353 aliae
1884 1323 1956 1355 Na-

1245 1364 1359 1399 tiones
1389 1366 1560 1406 Wamire,
1595 1366 1625 1399 ὅ(
1658 1365 1793 1403 fortasse
1824 1371 1956 1405 Varm're

1245 1415 1427 1450 dicebant.
1459 1418 1547 1450 Nam
1580 1419 1616 1451 V.
1646 1416 1838 1454 consonans
1864 1420 1956 1469 pres-

1246 1465 1277 1500 se
1316 1468 1580 1513 pronuntiatum
1610 1480 1627 1502 a
1656 1469 1841 1505 Germanis
1872 1484 1956 1507 con-

1245 1528 1396 1552 vertitur
1432 1517 1469 1552 in
1507 1520 1547 1552 F.
1577 1518 1673 1565 cujus
1711 1522 1758 1555 rei
1792 1523 1954 1570 ‹xempla

1243 1568 1349 1602 obvia
1389 1566 1467 1603 sunt
1503 1568 1659 1604 curem.
1697 1571 1741 1605 Et
1780 1572 1891 1608 rursus
1922 1573 1954 1608 i-

1243 1618 1320 1653 dem
1355 1621 1391 1653 V.
1419 1617 1610 1655 consonans
1647 1620 1708 1655 alii
1751 1623 1874 1669 Populi
1915 1622 1953 1659 in

1243 1671 1283 1703 G.
1309 1669 1345 1704 ὄζ
1376 1672 1445 1704 GV.
1474 1680 1633 1711 mutant,
1663 1681 1700 1705 ut
1731 1674 1855 1711 Vallave
1883 1676 1953 1713 La,

1243 1720 1387 1761 tinum,
1429 1722 1520 1766 quod
1558 1722 1659 1756 nobis
1696 1723 1738 1758 est
1777 1725 1953 1770 Constare,

1244 1767 1278 1804 ἃ
1304 1769 1417 1804 Gallis
1439 1771 1569 1809 (ἕωθεν,
1594 1771 1660 1806 five
1676 1776 1793 1814 Gdrer,
1816 1772 1851 1808 ἃ
1881 1779 1953 1810 An-

1243 1820 1310 1868 glis
1339 1832 1368 1852 ro
1396 1820 1523 1861 Wafle.
1564 1823 1612 1856 lta
1645 1823 1811 1859 Latinum
1847 1827 1953 1861 Vomer

1244 1884 1261 1905 a
1300 1870 1431 1906 rusticis
1469 1870 1588 1906 nostris
1626 1886 1716 1909 nunc
1750 1874 1880 1910 dicitur
1918 1878 1951 1914 la

1244 1924 1382 1965 Gmem,
1419 1931 1477 1956 aut
1510 1925 1538 1956 la
1567 1925 1724 1960 Come-a.
1763 1927 1807 1960 Et
1839 1927 1952 1964 rursus

1244 1972 1335 2019 quod
1375 1973 1536 2007 nonnulli
1581 1975 1701 2021 Populi
1737 1988 1795 2022 per
1822 1981 1868 2011 A.
1901 1977 1952 2013 ef-

1244 2022 1426 2063 ferebant,
1464 2023 1524 2058 alii
1565 2037 1623 2068 per
1648 2029 1682 2059 Ο,
1717 2036 1774 2060 aur
1806 2029 1842 2062 V.
1873 2042 1952 2073 pro-

1244 2073 1454 2109 nuntiabant
1472 2101 1480 2109 .
1523 2076 1618 2109 Haec
1646 2076 1768 2111 d-xiffe
1799 2091 1853 2112 me
1881 2092 1951 2115 non

1245 2125 1434 2170 poenitet,
1470 2125 1579 2160 donec
1616 2127 1677 2162 ali
1717 2126 1854 2163 felicius
1892 2143 1952 2165 ve-

1244 2188 1318 2210 rum
1359 2174 1491 2210 fontem
1531 2176 1622 2211 verbi
1666 2177 1779 2213 ltalici
1821 2180 1950 2214 Form're

1243 2225 1442 2266 ostendant,
1470 2239 1574 2274 quem
1602 2238 1693 2265 certe
1732 2229 1820 2265 mihi
1849 2230 1948 2279 igno-

1243 2287 1316 2312 tum
1348 2276 1476 2313 fateor.

1193 2329 1339 2374 Frangia
1362 2355 1371 2371 ‚
1411 2329 1586 2370 thbrr'a‚
1625 2330 1680 2366 seu
1720 2330 1849 2366 Lacim'a
1886 2342 1947 2365 ve-

1244 2377 1342 2414 stium
1356 2405 1364 2414 .
1383 2381 1578 2415 Contendit
1596 2380 1778 2428 Meriagius
1791 2408 1799 2421 ,
1817 2392 1835 2413 a
1855 2380 1946 2413 Fim-

1241 2430 1312 2465 bria
1339 2439 1478 2466 enatum
1509 2430 1603 2465 fuiffe
1631 2431 1774 2472 Frangr'a
1802 2442 1861 2476 per
1887 2429 1947 2465 ad-

1242 2481 1439 2516 mirabilem
1463 2481 1550 2516 hanc
1571 2479 1807 2526 gradationem
1822 2507 1830 2515 .
1852 2480 1946 2514 Fim-

1239 2532 1313 2568 bria
1324 2559 1336 2577 ‚
1358 2533 1524 2574 Frimbia,
1539 2530 1666 2566 Fn'mt'a
1675 2556 1688 2576 ,
1704 2531 1824 2566 Frenia
1835 2558 1845 2573 ‚
1862 2533 1893 2565 F
1894 2544 1947 2566 ra-

1817 2594 1897 2628 ma,
