2169 3047
249 229 270 267 7
275 229 301 264 9
308 227 331 266 7
535 204 899 250 DJSSERTATJO
930 200 1473 248 TRJGESJMATERTJAE
1676 220 1699 256 7
1706 205 1759 254 98

238 279 317 313 dere
344 268 536 321 Συκωτόν,
563 286 691 308 nomen
728 286 746 308 a
784 274 945 318 ficubus,
988 267 1018 300 A

240 327 296 364 seu
317 331 404 363 Fms
421 326 616 360 derivatum
640 324 822 359 arbitrari.
842 325 939 360 Glos—

239 378 280 414 fis
321 387 477 413 veterum
515 388 584 410 non
623 375 729 410 nimis
769 373 941 410 fidendum

236 428 304 465 est.
344 427 592 462 Recentiorum
631 426 870 461 additamenta
907 425 943 461 in

234 477 399 514 omnibus
428 476 534 512 ferme
562 476 744 513 Gloffariis
769 477 943 511 offendes.

237 531 415 564 Praeterea
446 541 514 563 non
543 528 605 563 nifi
640 527 709 563 risu
737 527 943 573 excipienda

235 577 398 627 Menagii
427 579 578 624 opinio,
615 579 675 626 qui
705 579 747 614 ab
775 577 850 626 ipso
880 581 938 611 He-

230 639 312 676 par,
340 629 541 664 incredibili
570 629 774 678 gradatione
802 638 941 664 enarum

234 678 352 715 censet
393 680 555 716 Italicum
603 683 745 726 Fegato,
786 680 818 714 8<
858 682 943 723 Foye
986 669 1012 703 B

233 731 413 765 Gallicum
431 757 440 764 .
469 731 531 765 Sed
564 730 647 777 quid
676 729 767 778 ego?
801 730 942 764 Somnia

233 779 385 828 proferre
414 779 452 815 &
492 780 583 815 mihi
622 780 748 815 liceat.
791 780 941 815 Dubita-

234 831 312 866 bam
351 831 486 879 primo,
524 845 567 865 an
596 844 613 866 a
641 831 775 866 Latino
803 833 942 877 Figere,

234 880 346 916 enasci
391 880 544 928 potuerit
581 884 722 925 Fegato,
760 894 866 929 quum
905 890 943 916 ut

232 931 367 966 Medici
407 932 532 979 ajunt,
569 931 733 976 incraffato
759 931 804 970 &⁶
832 946 941 978 coagu-

232 983 298 1017 lato
319 983 481 1026 sanguini
509 981 620 1017 fimile
643 982 681 1017 fit
708 985 827 1026 Jecur.
858 984 942 1017 Pro-

232 1042 350 1080 pterea
380 1033 576 1068 Fureterius
604 1033 718 1068 dixit:
761 1035 789 1067 Il
824 1032 942 1077 reffem-

231 1084 281 1118 hle
307 1086 328 1118 ιὶ
354 1088 398 1118 du
425 1087 513 1127 sang
541 1084 643 1129 Fige‚
672 1096 708 1116 ou
736 1084 848 1117 mille».
890 1084 942 1116 Ita

1106 265 1210 309 sedem
1251 261 1339 307 Ignis
1377 266 1563 300 putarent,
1600 261 1696 295 Galli
1736 263 1820 303 Foye

1112 317 1231 351 Heoar
1268 309 1414 347 fortaffis
1453 309 1692 354 appellarunt.
1724 310 1819 345 Audi

1113 366 1276 401 Isidorum
1331 362 1412 398 Lib.
1456 360 1516 394 XL
1559 361 1646 402 Cap.
1700 361 1820 395 Primo

1111 415 1250 464 Origin.
1269 417 1370 458 secur
1398 425 1502 446 nomen
1531 410 1645 450 habet,
1682 423 1714 443 eo
1741 414 1822 454 quod

1111 470 1198 513 Ignts
1226 466 1274 499 ihi
1302 466 1415 499 habeat
1439 465 1539 507 “edem
1556 488 1564 496 .
1596 461 1677 494 Inde
1705 460 1820 495 Galli-

1111 531 1150 552 ca
1179 530 1247 552 vox
1279 519 1386 557 Fore.
1417 512 1507 560 quafi
1537 512 1714 552 foculare,
1752 510 1820 546 five

1112 577 1149 603 ut
1178 567 1231 603 illi
1264 567 1363 613 ajunt
1391 568 1492 609 Foyer
1513 563 1719 611 Sanguinis,
1748 574 1821 596 non

1111 628 1226 653 autem
1249 618 1289 652 ab
1313 621 1440 663 Hrpar,
1468 615 1560 664 quod
1582 613 1715 648 censuit
1738 611 1819 647 Me-

1110 669 1256 717 nagius.
1287 667 1488 703 Matthaeus
1518 665 1724 700 silvaticus.
1757 662 1819 710 qui

1110 720 1160 755 ait
1189 718 1360 763 Fecajum,
1391 719 1466 757 idel}
1495 720 1603 761 Hepar
1628 715 1818 749 animalium

1110 769 1196 809 effe,
1226 769 1416 804 Pandeffls
1438 766 1638 802 Medicinae
1668 765 1818 800 scribens

1110 823 1219 857 Anno
1251 819 1381 856 Christi
1421 817 1681 854 MCCCXVH.
1720 814 1818 849 addit

1110 884 1271 919 quoque:
1297 872 1465 909 Picatum,
1486 868 1562 909 idel}
1581 871 1712 913 Hepar:
1733 866 1818 899 Dia-

1103 924 1174 966 sco,
1202 935 1273 969 quo
1293 921 1437 956 nomine
1458 917 1699 954 Dioscoridem
1722 928 1819 950 corn-

1109 985 1302 1008 memorare
1340 971 1450 1007 solet.
1489 971 1620 1005 Verum
1652 967 1712 1002 vix
1741 979 1816 1001 cre-

1108 1023 1216 1065 dam,
1253 1023 1463 1059 vocabulum
1502 1020 1568 1055 hoc
1605 1019 1753 1054 Picatum
1779 1016 1819 1052 in

1110 1074 1330 1109 Dioscoridis
1359 1074 1478 1108 Libris
1506 1071 1603 1117 legi.

230 1134 265 1167 &
309 1133 634 1169 Diemerbraechius
682 1134 801 1178 Hepar
846 1132 943 1171 instar
982 1121 1013 1155 C
1057 1123 1228 1158 Fiaccare.
1258 1128 1436 1167 Rumpere,
1467 1124 1651 1165 Frangere.
1690 1117 1818 1152 Mena·-

230 1185 360 1218 concreti
385 1183 565 1227 Sanguinis
593 1182 806 1229 appellavit.
845 1179 939 1216 Cum

229 1232 290 1268 ista
356 1232 649 1279 interpretatione
712 1232 941 1267 consonarent

229 1284 368 1319 Gloffae
417 1282 810 1318 Romano—Theotiscae
836 1308 847 1322 ‚
900 1284 941 1318 ab

229 1329 387 1368 Eccardo
428 1332 569 1373 editae,
611 1346 699 1378 quae
736 1346 754 1366 a
792 1332 937 1365 Provin-

231 1382 314 1417 ciali
348 1382 514 1430 quopiam
554 1382 663 1416 Gallo
699 1379 942 1427 antiquiffimo

231 1432 379 1482 scriptae
407 1432 617 1468 creduntur.
648 1431 702 1467 Ibi
729 1431 822 1466 enim
854 1430 940 1478 legi—

230 1492 289 1518 tur
330 1485 477 1528 Figid0‚
516 1486 667 1526 Lepara,
709 1495 771 1530 pro
808 1484 943 1527 Hepar.

230 1534 328 1570 Hinc
370 1534 492 1569 saltem
537 1533 639 1569 habes
689 1532 940 1579 antiquitatem

231 1584 351 1619 vocis.
385 1587 553 1618 Attamen
583 1583 806 1615 tolerabilior
833 1582 942 1617 altera

231 1632 320 1668 mihi
348 1631 473 1680 opinio
510 1630 543 1666 se
577 1630 735 1670 obtulit,
772 1643 896 1677 nempe
923 1645 941 1667 a

229 1683 383 1719 Medicis
412 1683 478 1718 hoc
510 1681 543 1717 ei
581 1681 699 1717 senfim
738 1681 941 1722 impositum

230 1734 328 1770 fuiffe
358 1747 507 1778 nomen,
537 1733 629 1780 quod
650 1736 750 1777 Jecur
773 1732 880 1768 Fellis
900 1746 937 1768 o·

229 1798 272 1834 pe
299 1785 486 1831 Sanguinis
515 1784 625 1819 faeces
654 1796 845 1831 expurgare
869 1796 941 1819 cre—

229 1835 387 1875 deretur,
416 1835 506 1883 quafi
540 1838 687 1874 Fecator,
726 1833 779 1870 seu
813 1835 939 1877 Deseca-

229 1896 277 1920 tor
303 1885 410 1921 effet.
453 1887 608 1921 Plinium
648 1885 727 1921 audi
766 1886 849 1922 Lib.
880 1888 940 1921 Χῐ.

230 1939 317 1985 Cap.
359 1948 416 1983 37.
444 1937 485 1972 de
523 1938 619 1972 Felle
656 1946 841 1985 agentem:
883 1938 941 1979 Est

229 1999 332 2024 autem
362 1988 444 2021 mhi!
470 1989 586 2032 aliud,
623 2001 716 2034 quam
750 2000 937 2034 purgamen—

230 2048 296 2073 tum
336 2038 456 2085 peffimt‘
489 2039 691 2085 Sanguinis,
728 2038 774 2076 «ἴθ’
813 2039 880 2073 ideo
907 2039 940 2073 t'n
978 2027 1006 2060 E

230 2089 363 2123 materia
382 2090 541 2132 jecinoris
567 2089 628 2131 est.
665 2087 763 2125 Cato
799 2103 939 2138 quoque

230 2142 381 2175 Fecatum
420 2140 533 2174 vinum
575 2140 669 2175 dixit
695 2167 704 2175 .
752 2141 939 2188 Praecipue

230 2193 315 2225 vero
343 2204 360 2225 a
389 2190 609 2226 Germanicis
638 2189 792 2226 Medicis
819 2191 886 2226 hoc
906 2189 938 2226 ei

230 2240 433 2285 impofiffum
479 2255 606 2277 nomen
647 2241 816 2278 videtur.
858 2241 939 2288 Ipsis

232 2291 326 2326 enim
357 2295 462 2336 Fegen
484 2292 529 2327 est
551 2296 715 2339 Purgarc:
742 2293 822 2334 Aus-
836 2295 940 2338 Fegen

231 2355 372 2389 quoque
399 2344 442 2377 est
474 2346 676 2388 Expurqare.
705 2344 738 2378 A
767 2356 837 2390 quo
865 2356 937 2377 ver-

231 2393 278 2428 bo
318 2393 521 2429 efformatur
557 2397 678 2436 Fegem
713 2394 748 2428 &
785 2394 937 2430 ,Ans-Fe-

229 2455 310 2489 ger-
344 2448 522 2490 Purgatur,
551 2445 754 2488 Defaecator‚
791 2444 851 2479 ubi
881 2458 939 2479 ex-

231 2492 380 2541 pressum
411 2506 516 2539 paene
545 2495 641 2531 vides
669 2507 801 2530 nomen
829 2494 940 2543 ipsum

234 2545 379 2592 Fegato.
407 2543 516 2590 Quod
543 2543 652 2581 etiam
679 2555 815 2583 veteres
845 2549 947 2592 Jecur

1107 1173 1203 1220 gium
1243 1172 1350 1208 audi.
1388 1174 1443 1205 Da
1479 1172 1640 1215 Frangere
1675 1168 1818 1202 Latino.

1107 1226 1259 1271 Frango,
1288 1222 1407 1268 Fregi,
1435 1219 1611 1262 Frac‘hm,
1641 1217 1816 1267 bassiare,

1106 1274 1282 1316 flamm,
1309 1274 1479 1310 Flac-care,
1506 1271 1677 1305 Fiaccare.
1703 1269 1734 1301 Ε
1758 1279 1819 1301 non

1105 1326 1149 1359 da
1178 1326 1336 1363 Flaccus,
1370 1321 1539 1365 primitivo
1564 1321 1601 1355 di
1627 1319 1818 1354 flaccidas.

1107 1373 1239 1405 Bar-dus
1281 1369 1322 1403 fit
1347 1395 1358 1407 ,
1399 1367 1462 1414 qui
1504 1369 1641 1402 credat.
1682 1370 1759 1403 Aut
1798 1380 1818 1401 e

1105 1421 1238 1455 Flaccus
1263 1417 1480 1467 significante
1501 1418 1729 1464 Languidum‚
1757 1424 1818 1452 aut

1106 1484 1125 1506 e
1153 1471 1283 1506 Flacceo·
1316 1467 1562 1511 intranfitivo,
1599 1465 1817 1515 significante

1108 1525 1298 1567 Languere,
1341 1518 1518 1554 barbarica
1554 1518 1675 1553 Secula
1712 1517 1816 1552 effor-

1106 1572 1209 1608 maffe
1241 1571 1385 1607 verbum
1424 1567 1644 1604 tranfitivum
1681 1569 1817 1602 Flacca-

1105 1637 1158 1662 νε,
1195 1631 1254 1657 aut
1282 1624 1468 1663 flaccum,
1506 1618 1657 1654 nimium
1696 1617 1815 1653 verifi-

1106 1672 1192 1709 mile
1220 1673 1289 1708 est.
1328 1674 1421 1708 Nam
1460 1670 1606 1705 Fiaccare
1642 1667 1815 1717 fignificat

1105 1723 1214 1760 etiam
1243 1723 1441 1759 Debilitare.
1470 1723 1546 1757 Nos
1574 1719 1732 1768 persaepe
1758 1717 1816 1753 di-

1106 1774 1218 1810 cimus
1245 1776 1359 1810 Fiacco
1386 1786 1448 1821 pro
1469 1772 1659 1816 Languida,
1683 1768 1814 1808 flebili,

1106 1826 1160 1862 uti
1187 1827 1222 1861 &
1250 1825 1400 1860 Fiaccato
1426 1837 1489 1872 pro
1516 1820 1657 1863 maela,
1684 1824 1816 1864 Rupw.

1054 1887 1199 1922 Fianw.
1237 1889 1359 1921 Latus.
1387 1884 1423 1918 A
1450 1883 1586 1917 Graeco
1637 1869 1780 1926 Λαγῶν
1800 1901 1815 1924 ,

1105 1941 1276 1983 Lagonub
1307 1939 1468 1981 Lagonum
1483 1957 1495 1972 ,
1534 1934 1704 1978 Lagnum,
1733 1929 1815 1963 Fla-

1100 2000 1222 2034 gnum,
1264 1987 1447 2028 Flancum,
1489 1983 1632 2021 Fiam,
1672 1978 1815 2015 ridenda

1104 2038 1168 2072 hac
1208 2034 1412 2086 gradatione
1447 2033 1561 2070 traxit
1600 2029 1813 2079 MenagiuS.

1104 2088 1223 2123 Facile
1235 2084 1436 2122 Phantafiae
1447 2084 1670 2127 indulgentes
1683 2109 1693 2123 ,
1709 2079 1814 2128 quid-

1103 2138 1188 2185 quid
1209 2151 1387 2176 amamus,
1407 2135 1639 2183 assequimur.
1665 2134 1713 2167 Et
1733 2144 1814 2179 pro-

1103 2188 1195 2224 fefi'to
1223 2187 1245 2223 fi
1273 2197 1372 2223 tanta
1398 2186 1546 2222 licentia
1572 2184 1712 2220 ferenda
1739 2180 1812 2225 est,

1102 2241 1262 2275 omnium
1294 2251 1421 2274 vocum
1460 2237 1635 2285 originem
1674 2234 1712 2269 in
1739 2244 1814 2267 ma-

1103 2304 1150 2326 nu
1178 2304 1240 2337 pro
1267 2290 1417 2325 arbitrio
1444 2287 1558 2324 nostro
1586 2283 1813 2321 habebimus.

1104 2341 1344 2387 Imperterrite
1380 2353 1523 2388 quoque
1558 2335 1736 2373 Ferrarius
1771 2332 1814 2368 ab

1101 2393 1170 2432 Ile,
1191 2393 1345 2435 Iliacum,
1365 2392 1520 2427 Iliancum
1538 2388 1687 2425 deduxit
1709 2385 1813 2422 Fian-

1101 2456 1151 2479 ιο.
1193 2443 1309 2479 Nauci
1345 2443 1438 2478 haec.
1468 2441 1591 2477 omnia
1626 2435 1807 2489 facienda:

1100 2494 1199 2530 Galli
1237 2496 1342 2529 Flam:
1375 2497 1476 2528 Latus
1512 2492 1717 2539 appellant,
1753 2490 1808 2518 ΗΠ

1099 2543 1140 2583 &
1165 2545 1282 2594 Angli
1307 2544 1461 2585 Flanck,
1494 2543 1591 2591 quod
1614 2550 1680 2577 nos
1704 2534 1811 2620 ,zian-

1708 2599 1724 2621 ε
1750 2609 1760 2621 .
