2169 3047
339 227 424 267 939
691 204 1058 261 ANTIQUI‘R
1099 203 1309 247 MEDII
1342 204 1504 248 AEVJ

330 271 417 305 cham
433 296 443 313 ‚
470 266 540 302 five
566 266 674 309 testam
700 264 896 301 Ostreorurn
912 291 921 307 ‚
949 262 1040 298 deri-

331 319 435 355 vavit
471 317 682 365 Menagius.
719 319 840 363 Atque
870 313 1042 363 ejusmodi

332 368 468 419 origini
504 367 790 416 acquiescendum
828 376 936 415 puto·
973 366 1044 400 At-

335 431 454 458 tamen
479 432 587 468 quum
608 420 751 461 Concha,
777 417 843 453 five
868 417 944 459 testa
965 429 1043 464 pro-

335 472 411 521 prie
435 484 504 507 non
531 469 598 505 sese
621 469 827 512 contrahat,
853 469 960 503 liceat
986 466 1046 502 ad-

335 523 436 565 dere,
455 519 733 570 perpendendum
759 518 943 565 supet-effe,
963 530 1044 552 num

334 574 453 622 potius
483 586 521 607 ex
555 575 671 611 Rana,
709 568 746 604 ἃ
778 567 1045 603 barbaroLati-

336 638 383 660 no
407 624 566 658 Rana—uta
580 649 588 664 ,
610 620 784 655 efformari
805 618 958 668 potuerit
974 622 1044 652 Ra-

337 675 495 716 niculare‚
534 672 771 706 Ranicchiare:
807 684 918 717 neque
951 669 1046 704 enim

336 725 517 773 geminum
546 725 589 757 N.
616 721 746 757 obstat.
772 724 877 769 Saepe
903 721 1043 755 Floren-

336 774 407 811 tini
455 775 573 809 literas
620 772 803 822 geminant
820 799 830 816 ,
872 771 1049 806 contemta

337 826 475 874 origine
506 824 624 868 vocis,
653 833 692 859 ut
721 823 811 859 suam
844 821 1046 870 pronuntia-

336 877 473 912 tionem
521 874 745 921 exprimant.
796 873 955 909 Profeffl)
997 872 1049 908 vi-

339 927 441 971 deas,
471 931 583 962 Ranas
611 925 814 962 contrahere
842 924 919 960 suos
951 923 1050 970 pedes

338 978 382 1013 ad
414 990 564 1026 corpus;
606 987 710 1026 atque
739 975 829 1012 illud
858 980 913 1011 Ra
948 975 1049 1022 huju-

340 1028 453 1064 smodi
483 1028 703 1077 conjeSiurae
733 1027 847 1063 favet.

290 1080 452 1115 Ramolo.
489 1080 666 1114 catarrhuc
703 1079 737 1113 in
765 1079 898 1113 uvulam
930 1076 1052 1124 (unde

342 1130 508 1166 Italicum
536 1130 659 1176 Ugola)
688 1131 821 1169 cadens,
848 1143 884 1162 ex
909 1141 966 1174 quo
994 1127 1053 1160 im-

340 1181 468 1227 peditur
498 1192 578 1213 vox.
616 1180 668 1213 Ita
698 1177 872 1213 definiunt
902 1177 1051 1212 vocabu-

342 1232 416 1266 lum
434 1229 519 1265 istud
538 1228 710 1264 Amatores
724 1228 953 1263 Vocabularii
972 1228 1053 1262 Flo-

342 1280 500 1316 rentini.
539 1279 638 1313 Mihi
676 1279 793 1324 potius
822 1278 976 1311 creditur
1005 1278 1056 1310 ita

345 1330 538 1375 appellatus
576 1326 677 1360 sonus
714 1325 885 1372 quidam,
923 1324 979 1358 seu
1016 1324 1055 1356 sl—

345 1380 466 1422 bilus,
507 1391 524 1413 e
551 1386 714 1425 gutture,
752 1373 820 1409 sive
858 1387 899 1409 ex
929 1374 1056 1414 uvula‚

345 1442 452 1478 quam
485 1427 661 1464 catarrhus
690 1425 842 1464 obsidet,
873 1424 1057 1472 prodiens,

347 1482 429 1517 dum
461 1479 602 1526 spiritus
631 1476 839 1513 attrahitur.
871 1478 976 1511 Hunc
1005 1474 1056 1510 so—

346 1545 432 1568 num
462 1531 518 1565 vel
556 1528 666 1565 inviti
694 1527 891 1566 emittunt,
927 1526 989 1574 qui
1017 1526 1059 1561 ab

349 1580 519 1630 ejusmodi
543 1578 703 1615 catarrho
722 1587 913 1620 vexantur,
933 1577 1059 1612 etiam·

348 1633 372 1668 fi
402 1630 550 1667 minime
579 1632 793 1677 loquantur.
827 1628 998 1675 Asperitas
1024 1643 1061 1663 a-

350 1684 454 1719 nimae
471 1682 588 1718 eadem
607 1679 860 1730 significatione
881 1681 968 1716 aoud
989 1678 1062 1721 Pli7

351 1743 450 1779 nium
477 1740 648 1778 seniorem
674 1739 849 1776 occurrit.
876 1732 1063 1786 Βράγχος

350 1805 469 1830 autem
493 1822 502 1834 ,
544 1792 612 1829 five
655 1792 847 1835 Branchus,
890 1791 1064 1835 appellata

354 1845 399 1880 est
427 1859 445 1880 a
471 1844 615 1880 Graecis
648 1844 812 1878 Raucedo.
849 1841 1037 1889 Menagius
1054 1869 1064 1886 ‚

356 1895 413 1930 cui
461 1895 551 1931 nihil
579 1894 769 1936 difficile,
815 1906 833 1928 a
875 1893 1065 1936 Branchus,

357 1949 498 1981 Bramus
517 1973 526 1989 ‚
556 1946 758 1983 mumulus,
787 1944 973 1986 Rantulus‚
1002 1943 1065 1979 hac

357 1996 496 2032 scilicet
532 1996 619 2030 scala
649 1996 788 2030 Rantolo
823 1994 991 2033 deducit,
1029 2007 1067 2029 ac

359 2046 503 2083 subdit:
543 2049 592 2080 Ne
622 2047 714 2078 viem
743 2047 775 2079 al
807 2045 935 2088 licuro‚·
969 2054 1068 2080 tanta

360 2096 406 2132 est
443 2095 656 2131 confidentia
698 2093 876 2131 hominis.
921 2097 1097 2150 Apage.'

359 2147 459 2182 Mihi
497 2145 595 2181 vocis
637 2144 738 2190 hujus
777 2145 899 2192 ignora
941 2159 1068 2192 origo,

361 2197 425 2233 nifi
467 2196 558 2244 quod
598 2195 789 2230 monendus
827 2194 872 2229 est
911 2195 1068 2237 Lee’tor,

361 2246 621 2285 Mutinensibus
664 2246 728 2281 effe
767 2245 933 2285 Ra'ntica,
975 2246 1067 2282 idem

361 2299 456 2346 quod
495 2297 710 2333 Florentinis
745 2297 904 2330 Rantolo.
943 2299 1068 2332 Senen-

363 2350 451 2385 fibus
474 2362 613 2397 quoque
633 2347 677 2383 est
708 2348 870 2387 Ra'mw,
897 2356 1000 2394 atque
1028 2348 1069 2384 ab

364 2400 410 2436 iis
447 2414 510 2434 una
545 2400 670 2433 vect-hia
701 2399 878 2442 Rantacola
915 2398 1070 2443 dicitur,

366 2464 454 2497 quae
491 2449 706 2485 Florentinis
743 2448 832 2484 foret
870 2449 1071 2489 Ramolofa.

367 2504 463 2538 Num
489 2514 571 2549 ergo
593 2502 735 2535 Ra'ntica
759 2499 927 2547 appellari
956 2499 1073 2545 potuit

366 2552 426 2589 hic
453 2552 576 2594 sonus,
604 2550 696 2601 quasi
725 2564 795 2590 vox
823 2552 1027 2599 Ενναηιίεαξ

1766 225 1853 263 940

1082 263 1117 298 A
1155 263 1294 308 Roscia.
1333 264 1468 312 Species
1496 264 1601 312 panni
1630 264 1746 302 lanei.
1787 267 1914 303 Mena-

1207 314 1283 364 gius
1311 314 1449 362 inquit:
1479 318 1579 351 Credo
1604 319 1645 351 da
1672 318 1816 362 Rasum,
1842 322 1914 353 Ra-

1201 366 1320 408 ficum,
1348 367 1529 410 Ralisium‚
1559 368 1726 411 Rascs'um.
1760 371 1814 404 Ne
1843 381 1915 403 cre-

1208 417 1268 452 de.
1305 419 1332 452 E
1361 418 1462 460 loco,
1501 418 1554 452 seu
1584 419 1747 466 regione,
1777 419 1835 454 ubi
1864 418 1916 454 fa-

1210 469 1406 503 bricabatur
1433 469 1503 502 tela
1535 467 1639 510 haec,
1678 481 1806 504 nomen
1843 469 1916 516 ipsa

1211 518 1353 554 sumszt:
1393 517 1485 564 quod
1515 517 1555 551 de
1585 526 1640 551 tot
1677 519 1756 553 aliis
1796 521 1918 566 pannis

1211 583 1250 605 ac
1287 568 1367 603 telis
1396 567 1524 602 facium
1565 566 1750 602 novimus.
1788 570 1922 612 RaJeiae

1212 623 1369 668 Regnum
1393 621 1526 653 celebre
1547 617 1591 653 est
1613 620 1647 652 in
1673 618 1824 654 Historia
1848 631 1921 654 me-

1212 670 1263 704 dii
1295 669 1393 704 aevi.
1435 671 1536 704 Nunc
1566 670 1760 716 appellatur
1789 671 1822 704 la
1849 673 1924 704 Ser-

1213 722 1296 759 via,
1332 718 1370 755 ὅ(
1409 719 1534 767 Populi
1574 733 1700 755 nomen
1740 720 1921 760 retinent,

1214 772 1368 815 Rasctani
1396 784 1518 819 nempe
1546 772 1712 820 appellati
1729 798 1738 806 .

1164 824 1325 866 Rajpare.
1348 821 1507 868 Unguibus
1530 832 1641 856 terram
1655 822 1812 868 scalpere.
1837 824 1923 858 Non

1214 873 1406 921 incongrue
1432 873 1616 921 Menagius
1645 886 1662 907 a
1692 874 1825 909 Latino
1852 878 1925 907 Ru-

1208 924 1320 970 spari,
1350 924 1558 959 vocabulum
1586 923 1772 959 dedue‘tum
1804 933 1925 971 putat.

1216 977 1255 1010 In
1285 974 1347 1009 hac
1369 974 1596 1023 Etymologia
1617 974 1798 1010 adferenda
1828 987 1926 1022 prae-

1215 1025 1354 1061 cesserat
1384 1025 1585 1060 Franciscus
1611 1027 1734 1069 Junius
1770 1025 1807 1060 in
1846 1027 1926 1060 No-

1216 1076 1262 1112 tis
1291 1077 1330 1110 ad
1360 1076 1623 1112 Tertullianum
1642 1104 1651 1113 .
1690 1079 1814 1123 Neque
1843 1074 1928 1111 infi-

1217 1127 1287 1161 cias
1311 1126 1436 1168 ierim,
1460 1127 1546 1170 quin
1569 1127 1711 1172 Raspare
1733 1126 1829 1161 reddi
1859 1128 1928 1162 La-

1216 1176 1292 1211 tine
1321 1175 1423 1222 poffit
1451 1177 1620 1218 Rulpari,
1659 1176 1712 1210 sed
1746 1175 1931 1223 metapho-

1217 1226 1288 1261 rice
1320 1227 1517 1273 loquendo.
1557 1225 1661 1261 Nihil
1699 1225 1792 1260 enim
1832 1224 1930 1261 aliud

1218 1276 1263 1308 est
1288 1277 1450 1317 Rulpari‚
1475 1275 1598 1307 Nonio
1619 1275 1722 1311 teste,
1748 1274 1809 1308 nisi
1836 1279 1932 1308 Scru-

1219 1323 1308 1363 tari‚
1338 1321 1405 1355 sive
1433 1324 1533 1355 crebro
1559 1335 1720 1368 quaerere.
1759 1324 1935 1359 Attamen.

1220 1385 1329 1420 quum
1368 1385 1429 1407 nos
1465 1371 1685 1407 Mutinenses
1723 1373 1867 1420 Rulpare
1895 1375 1931 1409 δε

1221 1424 1365 1467 Raspare
1404 1422 1541 1458 diversi
1577 1422 1834 1472 significatione
1871 1424 1933 1460 ha-

1221 1475 1385 1517 beamus,
1405 1475 1533 1522 opinor
1563 1485 1763 1522 propterea,
1787 1476 1932 1511 verbum

1222 1526 1366 1571 Raspare
1404 1525 1551 1560 manasse
1582 1539 1600 1560 e
1631 1527 1840 1562 Germanica
1870 1539 1935 1562 vo-

1224 1589 1261 1612 ce
1289 1576 1430 1622 Raspel,
1460 1575 1677 1625 significante
1704 1591 1766 1611 una
1796 1577 1934 1623 Raspa,

1224 1626 1292 1662 five
1321 1627 1471 1671 ferrum,
1497 1641 1567 1675 quo
1596 1627 1791 1676 superficies
1821 1640 1935 1664 rerum

1224 1678 1426 1715 abraditur.
1469 1679 1574 1725 Apud
1623 1679 1737 1714 varios
1781 1678 1934 1714 artifices

1223 1728 1262 1764 in
1287 1729 1392 1765 Italia
1419 1730 1485 1764 hoc
1513 1730 1605 1765 idem
1634 1743 1759 1765 nomen
1785 1730 1935 1765 retinet.

1225 1780 1331 1824 Quod
1369 1793 1476 1826 quum
1517 1778 1649 1814 faciant
1686 1781 1767 1825 equi
1805 1789 1935 1815 terram

1226 1830 1370 1878 pedibus
1402 1830 1670 1870 contundendo,
1708 1828 1744 1864 ἃ
1782 1831 1936 1878 gallinae

1228 1881 1400 1929 unguibus
1428 1882 1590 1916 tellurem
1620 1881 1826 1923 lacerando,
1857 1894 1938 1928 pro-

1228 1941 1343 1978 pterea
1380 1932 1480 1966 nobis
1521 1934 1662 1975 Ralpare
1697 1932 1871 1975 dicuntur,
1901 1933 1938 1966 δε

1227 1982 1413 2018 Germanis
1440 1983 1587 2028 Ralpen.
1618 1982 1779 2017 Dicimus
1807 1983 1839 2016 ἃ
1866 1986 1940 2017 Ra-

1223 2034 1309 2079 stare
1350 2047 1411 2069 nos
1450 2033 1670 2076 Lombardi‚
1708 2032 1816 2068 Tusci
1856 2035 1940 2069 verb

1229 2084 1421 2127 Rasshiare.
1444 2083 1662 2119 Mutinenses
1684 2094 1855 2119 nraeterea
1878 2083 1941 2119 ha-

1231 2135 1313 2169 bent
1355 2139 1537 2180 Razzare,
1578 2133 1685 2169 Tusci
1732 2139 1939 2179 Razzolare.

1232 2185 1389 2221 Primum
1419 2186 1462 2220 est
1491 2185 1663 2221 artificum
1696 2187 1807 2232 Ralpd
1839 2195 1941 2220 uren-

1230 2237 1322 2272 tium
1343 2265 1351 2276 ,
1389 2238 1535 2272 alterum
1565 2237 1795 2285 gallinarum.
1833 2235 1939 2282 Quod

1231 2288 1276 2323 est
1303 2287 1342 2322 ad
1373 2289 1566 2327 Ralcbiare,
1593 2288 1706 2322 Gallis
1734 2300 1872 2334 quoque
1894 2285 1940 2320 est

1232 2339 1348 2373 Racler
1376 2337 1553 2384 (fortaffis
1581 2339 1669 2373 olim
1701 2338 1855 2383 Rufi-ter)
1883 2333 1939 2369 sed

1232 2388 1370 2428 nescio,
1393 2389 1513 2424 illi-ne
1542 2403 1560 2424 a
1588 2389 1711 2429 nobis.
1737 2402 1777 2423 an
1805 2398 1866 2419 nos
1895 2385 1937 2419 ab

1231 2439 1306 2475 illis
1335 2441 1587 2486 acceperimus.
1618 2436 1793 2474 Fureterio
1821 2434 1938 2470 Celti-

1232 2504 1271 2526 ca
1308 2503 1378 2526 vox
1417 2491 1597 2528 creditur,
1636 2485 1826 2533 significan<
1864 2489 1938 2520 Ra-

1226 2541 1307 2588 spe.
1342 2541 1473 2591 Anglis
1497 2540 1591 2577 idem
1618 2535 1663 2572 est
1687 2546 1719 2571 to
1744 2537 1862 2575 Rake‚
1900 2548 1940 2573 ac

1786 2595 1890 2634 nobis
