<?xml version="1.0" encoding="UTF-8"?>
<!DOCTYPE html PUBLIC "-//W3C//DTD XHTML 1.0 Transitional//EN"
    "http://www.w3.org/TR/xhtml1/DTD/xhtml1-transitional.dtd">
<html xmlns="http://www.w3.org/1999/xhtml" xml:lang="en" lang="en">
 <head>
  <title>
</title>
<meta http-equiv="Content-Type" content="text/html;charset=utf-8" />
  <meta name='ocr-system' content='tesseract 3.04.00' />
  <meta name='ocr-capabilities' content='ocr_page ocr_carea ocr_par ocr_line ocrx_word'/>
</head>
<body>
  <div class='ocr_page' id='page_1' title='image "antiquitatesital06mura_0430.png"; bbox 0 0 2169 3047; ppageno 0'>
   <div class='ocr_carea' id='block_1_1' title="bbox 369 185 1879 249">
    <p class='ocr_par' dir='ltr' id='par_1_1' title="bbox 369 185 1879 249">
     <span class='ocr_line' id='line_1_1' title="bbox 369 185 1879 249; baseline 0.007 -22"><span class='ocrx_word' id='word_1_1' title='bbox 369 188 451 241; x_wconf 78' lang='lat'>831</span> <span class='ocrx_word' id='word_1_2' title='bbox 717 185 1085 246; x_wconf 85' lang='lat' dir='ltr'><em>ANTJOUIT.</em></span> <span class='ocrx_word' id='word_1_3' title='bbox 1128 188 1345 232; x_wconf 84' lang='lat' dir='ltr'><em>MEDII</em></span> <span class='ocrx_word' id='word_1_4' title='bbox 1378 189 1537 234; x_wconf 72' lang='lat' dir='ltr'><em>21EV1</em></span> <span class='ocrx_word' id='word_1_5' title='bbox 1796 195 1879 249; x_wconf 81' lang='lat'>852</span> 
     </span>
    </p>
   </div>
   <div class='ocr_carea' id='block_1_2' title="bbox 307 243 1072 1149">
    <p class='ocr_par' dir='ltr' id='par_1_2' title="bbox 356 243 1068 447">
     <span class='ocr_line' id='line_1_2' title="bbox 356 243 1067 294; baseline 0.006 -16"><span class='ocrx_word' id='word_1_6' title='bbox 356 243 606 293; x_wconf 73' lang='lat' dir='ltr'>pertuadetur)</span> <span class='ocrx_word' id='word_1_7' title='bbox 645 254 729 282; x_wconf 89' lang='lat' dir='ltr'>tune</span> <span class='ocrx_word' id='word_1_8' title='bbox 767 246 837 282; x_wconf 86' lang='lat' dir='ltr'>alia</span> <span class='ocrx_word' id='word_1_9' title='bbox 874 247 1067 294; x_wconf 86' lang='lat' dir='ltr'>quaerenda</span> 
     </span>
     <span class='ocr_line' id='line_1_3' title="bbox 356 295 1063 345; baseline 0.006 -16"><span class='ocrx_word' id='word_1_10' title='bbox 356 295 425 330; x_wconf 89' lang='lat' dir='ltr'>erit</span> <span class='ocrx_word' id='word_1_11' title='bbox 448 296 546 332; x_wconf 85' lang='lat' dir='ltr'>vocis</span> <span class='ocrx_word' id='word_1_12' title='bbox 566 295 686 345; x_wconf 89' lang='lat' dir='ltr'>origo.</span> <span class='ocrx_word' id='word_1_13' title='bbox 716 299 789 333; x_wconf 85' lang='lat' dir='ltr'>Has</span> <span class='ocrx_word' id='word_1_14' title='bbox 817 298 960 333; x_wconf 79' lang='lat' dir='ltr'>interim</span> <span class='ocrx_word' id='word_1_15' title='bbox 985 311 1063 333; x_wconf 91' lang='lat' dir='ltr'>con—</span> 
     </span>
     <span class='ocr_line' id='line_1_4' title="bbox 357 344 1068 393; baseline 0.004 -12"><span class='ocrx_word' id='word_1_16' title='bbox 357 344 506 393; x_wconf 60' lang='lat' dir='ltr'>jecturas</span> <span class='ocrx_word' id='word_1_17' title='bbox 555 360 646 383; x_wconf 89' lang='lat' dir='ltr'>meas</span> <span class='ocrx_word' id='word_1_18' title='bbox 689 361 730 383; x_wconf 91' lang='lat' dir='ltr'>ne</span> <span class='ocrx_word' id='word_1_19' title='bbox 773 348 912 384; x_wconf 87' lang='lat' dir='ltr'>moleste</span> <span class='ocrx_word' id='word_1_20' title='bbox 954 348 1068 392; x_wconf 88' lang='lat' dir='ltr'>feras,</span> 
     </span>
     <span class='ocr_line' id='line_1_5' title="bbox 358 397 1002 447; baseline 0.005 -15"><span class='ocrx_word' id='word_1_21' title='bbox 358 397 538 445; x_wconf 88' lang='lat' dir='ltr'>quousque</span> <span class='ocrx_word' id='word_1_22' title='bbox 569 399 714 435; x_wconf 82' lang='lat' dir='ltr'>meliora</span> <span class='ocrx_word' id='word_1_23' title='bbox 743 399 822 447; x_wconf 90' lang='lat' dir='ltr'>quis</span> <span class='ocrx_word' id='word_1_24' title='bbox 851 399 1002 436; x_wconf 83' lang='lat' dir='ltr'>adferat.</span> 
     </span>
    </p>

    <p class='ocr_par' dir='ltr' id='par_1_3' title="bbox 307 448 1072 1149">
     <span class='ocr_line' id='line_1_6' title="bbox 307 448 1068 496; baseline 0.001 -13"><span class='ocrx_word' id='word_1_25' title='bbox 307 448 466 496; x_wconf 82' lang='lat' dir='ltr'>Imparare</span> <span class='ocrx_word' id='word_1_26' title='bbox 487 476 495 484; x_wconf 91' lang='lat'><strong>.</strong></span> <span class='ocrx_word' id='word_1_27' title='bbox 542 450 682 490; x_wconf 80' lang='lat' dir='ltr'><em>Discere.</em></span> <span class='ocrx_word' id='word_1_28' title='bbox 730 450 959 486; x_wconf 76' lang='lat' dir='ltr'>insalutatum</span> <span class='ocrx_word' id='word_1_29' title='bbox 1003 450 1068 485; x_wconf 92' lang='lat' dir='ltr'>hoc</span> 
     </span>
     <span class='ocr_line' id='line_1_7' title="bbox 359 499 1066 549; baseline 0.001 -15"><span class='ocrx_word' id='word_1_30' title='bbox 359 501 504 535; x_wconf 87' lang='lat' dir='ltr'>verbum</span> <span class='ocrx_word' id='word_1_31' title='bbox 534 499 666 534; x_wconf 85' lang='lat' dir='ltr'>dimifit</span> <span class='ocrx_word' id='word_1_32' title='bbox 688 501 895 549; x_wconf 86' lang='lat' dir='ltr'>Menagius.</span> <span class='ocrx_word' id='word_1_33' title='bbox 925 500 1066 535; x_wconf 86' lang='lat' dir='ltr'>Abstru-</span> 
     </span>
     <span class='ocr_line' id='line_1_8' title="bbox 359 549 1067 597; baseline -0.001 -12"><span class='ocrx_word' id='word_1_34' title='bbox 359 549 394 585; x_wconf 88' lang='lat' dir='ltr'>sa</span> <span class='ocrx_word' id='word_1_35' title='bbox 422 550 500 585; x_wconf 88' lang='lat' dir='ltr'>sane</span> <span class='ocrx_word' id='word_1_36' title='bbox 537 550 635 585; x_wconf 87' lang='lat' dir='ltr'>illius</span> <span class='ocrx_word' id='word_1_37' title='bbox 673 551 793 597; x_wconf 78' lang='lat' dir='ltr'>origo.</span> <span class='ocrx_word' id='word_1_38' title='bbox 834 550 939 585; x_wconf 82' lang='lat' dir='ltr'>Nihil</span> <span class='ocrx_word' id='word_1_39' title='bbox 979 550 1067 585; x_wconf 84' lang='lat' dir='ltr'>mihi</span> 
     </span>
     <span class='ocr_line' id='line_1_9' title="bbox 357 599 1070 645; baseline -0.001 -10"><span class='ocrx_word' id='word_1_40' title='bbox 357 599 553 643; x_wconf 84' lang='lat' dir='ltr'>succurrit,</span> <span class='ocrx_word' id='word_1_41' title='bbox 598 599 659 635; x_wconf 85' lang='lat' dir='ltr'>nisi</span> <span class='ocrx_word' id='word_1_42' title='bbox 697 602 876 636; x_wconf 89' lang='lat' dir='ltr'>Gallicum</span> <span class='ocrx_word' id='word_1_43' title='bbox 915 603 1070 645; x_wconf 73' lang='lat' dir='ltr'>Etnparer</span> 
     </span>
     <span class='ocr_line' id='line_1_10' title="bbox 358 650 1068 698; baseline 0.001 -13"><span class='ocrx_word' id='word_1_44' title='bbox 358 651 401 686; x_wconf 84' lang='lat' dir='ltr'>ad</span> <span class='ocrx_word' id='word_1_45' title='bbox 429 664 491 686; x_wconf 88' lang='lat' dir='ltr'>nos</span> <span class='ocrx_word' id='word_1_46' title='bbox 520 650 713 698; x_wconf 62' lang='lat' dir='ltr'>profefflum</span> <span class='ocrx_word' id='word_1_47' title='bbox 731 678 738 686; x_wconf 95' lang='lat'>.</span> <span class='ocrx_word' id='word_1_48' title='bbox 778 651 929 686; x_wconf 87' lang='lat' dir='ltr'>Videtur</span> <span class='ocrx_word' id='word_1_49' title='bbox 956 650 1022 687; x_wconf 87' lang='lat' dir='ltr'>hoc</span> <span class='ocrx_word' id='word_1_50' title='bbox 1051 664 1068 686; x_wconf 91' lang='lat' dir='ltr'>a</span> 
     </span>
     <span class='ocr_line' id='line_1_11' title="bbox 358 701 1068 749; baseline 0.003 -14"><span class='ocrx_word' id='word_1_51' title='bbox 358 701 462 736; x_wconf 83' lang='lat' dir='ltr'>nobis</span> <span class='ocrx_word' id='word_1_52' title='bbox 486 701 730 746; x_wconf 85' lang='lat' dir='ltr'>Metaphorice</span> <span class='ocrx_word' id='word_1_53' title='bbox 751 701 952 749; x_wconf 87' lang='lat' dir='ltr'>usurpatum</span> <span class='ocrx_word' id='word_1_54' title='bbox 974 710 1068 737; x_wconf 88' lang='lat' dir='ltr'>tran-</span> 
     </span>
     <span class='ocr_line' id='line_1_12' title="bbox 359 750 1068 800; baseline 0.003 -14"><span class='ocrx_word' id='word_1_55' title='bbox 359 750 445 786; x_wconf 86' lang='lat' dir='ltr'>fiiffe</span> <span class='ocrx_word' id='word_1_56' title='bbox 473 751 510 786; x_wconf 90' lang='lat' dir='ltr'>in</span> <span class='ocrx_word' id='word_1_57' title='bbox 540 753 717 797; x_wconf 82' lang='lat' dir='ltr'>Imparare.</span> <span class='ocrx_word' id='word_1_58' title='bbox 757 754 851 787; x_wconf 88' lang='lat' dir='ltr'>Nam</span> <span class='ocrx_word' id='word_1_59' title='bbox 879 765 988 800; x_wconf 87' lang='lat' dir='ltr'>aeque</span> <span class='ocrx_word' id='word_1_60' title='bbox 1015 751 1068 788; x_wconf 90' lang='lat' dir='ltr'>di-</span> 
     </span>
     <span class='ocr_line' id='line_1_13' title="bbox 358 801 1069 851; baseline 0.001 -14"><span class='ocrx_word' id='word_1_61' title='bbox 358 801 471 837; x_wconf 86' lang='lat' dir='ltr'>cimus</span> <span class='ocrx_word' id='word_1_62' title='bbox 499 806 692 847; x_wconf 58' lang='lat' dir='ltr'>Apparatus,</span> <span class='ocrx_word' id='word_1_63' title='bbox 722 802 813 850; x_wconf 89' lang='lat' dir='ltr'>quod</span> <span class='ocrx_word' id='word_1_64' title='bbox 844 803 986 851; x_wconf 87' lang='lat' dir='ltr'>propius</span> <span class='ocrx_word' id='word_1_65' title='bbox 1014 816 1069 838; x_wconf 87' lang='lat' dir='ltr'>ac-</span> 
     </span>
     <span class='ocr_line' id='line_1_14' title="bbox 359 851 1070 901; baseline 0.001 -13"><span class='ocrx_word' id='word_1_66' title='bbox 359 851 454 888; x_wconf 84' lang='lat' dir='ltr'>cedit</span> <span class='ocrx_word' id='word_1_67' title='bbox 500 852 541 887; x_wconf 84' lang='lat' dir='ltr'>ad</span> <span class='ocrx_word' id='word_1_68' title='bbox 587 856 753 898; x_wconf 73' lang='lat' dir='ltr'>Amparar</span> <span class='ocrx_word' id='word_1_69' title='bbox 804 853 1038 901; x_wconf 83' lang='lat' dir='ltr'>Hispanicum</span> <span class='ocrx_word' id='word_1_70' title='bbox 1061 880 1070 897; x_wconf 92' lang='lat'>,</span> 
     </span>
     <span class='ocr_line' id='line_1_15' title="bbox 359 902 1072 951; baseline 0.001 -13"><span class='ocrx_word' id='word_1_71' title='bbox 359 902 452 951; x_wconf 81' lang='lat' dir='ltr'>quasi</span> <span class='ocrx_word' id='word_1_72' title='bbox 481 903 606 948; x_wconf 77' lang='lat' dir='ltr'>Discere</span> <span class='ocrx_word' id='word_1_73' title='bbox 644 903 685 939; x_wconf 80' lang='lat' dir='ltr'>sit</span> <span class='ocrx_word' id='word_1_74' title='bbox 712 903 939 948; x_wconf 82' lang='lat' dir='ltr'>Impadronirst</span> <span class='ocrx_word' id='word_1_75' title='bbox 964 903 996 939; x_wconf 81' lang='lat' dir='ltr'>d&#39;</span> <span class='ocrx_word' id='word_1_76' title='bbox 1009 917 1072 939; x_wconf 84' lang='lat' dir='ltr'>una</span> 
     </span>
     <span class='ocr_line' id='line_1_16' title="bbox 359 954 1072 1001; baseline 0.001 -12"><span class='ocrx_word' id='word_1_77' title='bbox 359 954 484 998; x_wconf 63' lang='lat' dir='ltr'>notizia</span> <span class='ocrx_word' id='word_1_78' title='bbox 511 968 571 988; x_wconf 83' lang='lat' dir='ltr'>non</span> <span class='ocrx_word' id='word_1_79' title='bbox 607 954 723 1000; x_wconf 62' lang='lat' dir='ltr'>dianzt&#39;</span> <span class='ocrx_word' id='word_1_80' title='bbox 758 955 898 1001; x_wconf 77' lang='lat' dir='ltr'>saputa.</span> <span class='ocrx_word' id='word_1_81' title='bbox 941 957 1072 990; x_wconf 83' lang='lat' dir='ltr'>Utrum</span> 
     </span>
     <span class='ocr_line' id='line_1_17' title="bbox 359 1005 1072 1050; baseline 0.001 -10"><span class='ocrx_word' id='word_1_82' title='bbox 359 1014 478 1040; x_wconf 87' lang='lat' dir='ltr'>autem</span> <span class='ocrx_word' id='word_1_83' title='bbox 515 1007 670 1050; x_wconf 78' lang='lat' dir='ltr'>Emparer</span> <span class='ocrx_word' id='word_1_84' title='bbox 705 1006 885 1041; x_wconf 83' lang='lat' dir='ltr'>Gallicum</span> <span class='ocrx_word' id='word_1_85' title='bbox 923 1007 965 1041; x_wconf 90' lang='lat' dir='ltr'>ab</span> <span class='ocrx_word' id='word_1_86' title='bbox 1003 1005 1072 1042; x_wconf 88' lang='lat' dir='ltr'>Hi-</span> 
     </span>
     <span class='ocr_line' id='line_1_18' title="bbox 358 1054 1071 1102; baseline 0 -12"><span class='ocrx_word' id='word_1_87' title='bbox 358 1054 502 1102; x_wconf 80' lang='lat' dir='ltr'>spanico</span> <span class='ocrx_word' id='word_1_88' title='bbox 530 1058 718 1100; x_wconf 74' lang='lat' dir='ltr'>Amparar‚</span> <span class='ocrx_word' id='word_1_89' title='bbox 746 1069 817 1092; x_wconf 89' lang='lat' dir='ltr'>non</span> <span class='ocrx_word' id='word_1_90' title='bbox 847 1069 930 1092; x_wconf 88' lang='lat' dir='ltr'>vero</span> <span class='ocrx_word' id='word_1_91' title='bbox 958 1069 977 1091; x_wconf 90' lang='lat' dir='ltr'>a</span> <span class='ocrx_word' id='word_1_92' title='bbox 1002 1058 1071 1091; x_wconf 88' lang='lat' dir='ltr'>La-</span> 
     </span>
     <span class='ocr_line' id='line_1_19' title="bbox 360 1105 1071 1149; baseline 0 -9"><span class='ocrx_word' id='word_1_93' title='bbox 360 1105 440 1141; x_wconf 86' lang='lat' dir='ltr'>tino</span> <span class='ocrx_word' id='word_1_94' title='bbox 481 1109 600 1140; x_wconf 81' lang='lat' dir='ltr'>Parare</span> <span class='ocrx_word' id='word_1_95' title='bbox 640 1105 876 1149; x_wconf 89' lang='lat' dir='ltr'>descenderit,</span> <span class='ocrx_word' id='word_1_96' title='bbox 920 1106 1071 1141; x_wconf 88' lang='lat' dir='ltr'>aliorum</span> 
     </span>
    </p>
   </div>
   <div class='ocr_carea' id='block_1_3' title="bbox 360 1154 1102 1203">
    <p class='ocr_par' dir='ltr' id='par_1_4' title="bbox 360 1154 1102 1203">
     <span class='ocr_line' id='line_1_20' title="bbox 360 1154 1102 1203; baseline 0.003 -14"><span class='ocrx_word' id='word_1_97' title='bbox 360 1155 430 1190; x_wconf 89' lang='lat' dir='ltr'>erit</span> <span class='ocrx_word' id='word_1_98' title='bbox 458 1154 684 1203; x_wconf 80' lang='lat' dir='ltr'>investigare.</span> <span class='ocrx_word' id='word_1_99' title='bbox 721 1156 828 1201; x_wconf 84' lang='lat' dir='ltr'>Quod</span> <span class='ocrx_word' id='word_1_100' title='bbox 867 1154 958 1190; x_wconf 88' lang='lat' dir='ltr'>mihi</span> <span class='ocrx_word' id='word_1_101' title='bbox 997 1168 1070 1203; x_wconf 90' lang='lat' dir='ltr'>per·</span> <span class='ocrx_word' id='word_1_102' title='bbox 1101 1179 1102 1184; x_wconf 62' lang='lat'>=</span> 
     </span>
    </p>
   </div>
   <div class='ocr_carea' id='block_1_4' title="bbox 310 1204 1073 2556">
    <p class='ocr_par' dir='ltr' id='par_1_5' title="bbox 310 1204 1073 1706">
     <span class='ocr_line' id='line_1_21' title="bbox 360 1204 1073 1244; baseline 0.001 -4"><span class='ocrx_word' id='word_1_103' title='bbox 360 1204 506 1244; x_wconf 79' lang='lat' dir='ltr'>suadet,</span> <span class='ocrx_word' id='word_1_104' title='bbox 544 1217 615 1240; x_wconf 89' lang='lat' dir='ltr'>non</span> <span class='ocrx_word' id='word_1_105' title='bbox 653 1205 793 1241; x_wconf 79' lang='lat' dir='ltr'>aliunde</span> <span class='ocrx_word' id='word_1_106' title='bbox 821 1215 942 1241; x_wconf 84' lang='lat' dir='ltr'>natum</span> <span class='ocrx_word' id='word_1_107' title='bbox 972 1206 1073 1241; x_wconf 87' lang='lat' dir='ltr'>Itali-</span> 
     </span>
     <span class='ocr_line' id='line_1_22' title="bbox 323 1255 1073 1301; baseline 0 -10"><span class='ocrx_word' id='word_1_108' title='bbox 323 1293 327 1296; x_wconf 62' lang='lat'><em>,</em></span> <span class='ocrx_word' id='word_1_109' title='bbox 360 1267 442 1291; x_wconf 88' lang='lat' dir='ltr'>cum</span> <span class='ocrx_word' id='word_1_110' title='bbox 470 1257 651 1301; x_wconf 81' lang='lat' dir='ltr'>Imparare,</span> <span class='ocrx_word' id='word_1_111' title='bbox 680 1256 724 1290; x_wconf 88' lang='lat' dir='ltr'>est</span> <span class='ocrx_word' id='word_1_112' title='bbox 744 1255 821 1291; x_wconf 90' lang='lat' dir='ltr'>usus</span> <span class='ocrx_word' id='word_1_113' title='bbox 844 1255 988 1291; x_wconf 87' lang='lat' dir='ltr'>alterius</span> <span class='ocrx_word' id='word_1_114' title='bbox 1010 1269 1073 1291; x_wconf 80' lang='lat' dir='ltr'>vo-</span> 
     </span>
     <span class='ocr_line' id='line_1_23' title="bbox 360 1305 1071 1351; baseline -0.001 -11"><span class='ocrx_word' id='word_1_115' title='bbox 360 1305 439 1348; x_wconf 87' lang='lat' dir='ltr'>cis,</span> <span class='ocrx_word' id='word_1_116' title='bbox 481 1318 605 1351; x_wconf 86' lang='lat' dir='ltr'>nempe</span> <span class='ocrx_word' id='word_1_117' title='bbox 640 1308 872 1350; x_wconf 75' lang='lat' dir='ltr'>Apprendere,</span> <span class='ocrx_word' id='word_1_118' title='bbox 909 1305 1003 1351; x_wconf 89' lang='lat' dir='ltr'>quod</span> <span class='ocrx_word' id='word_1_119' title='bbox 1041 1305 1071 1339; x_wconf 88' lang='lat' dir='ltr'>i-</span> 
     </span>
     <span class='ocr_line' id='line_1_24' title="bbox 360 1352 1072 1403; baseline -0.001 -13"><span class='ocrx_word' id='word_1_120' title='bbox 360 1354 441 1390; x_wconf 88' lang='lat' dir='ltr'>dem</span> <span class='ocrx_word' id='word_1_121' title='bbox 480 1367 539 1403; x_wconf 88' lang='lat' dir='ltr'>per</span> <span class='ocrx_word' id='word_1_122' title='bbox 566 1353 834 1389; x_wconf 81' lang='lat' dir='ltr'>translationem</span> <span class='ocrx_word' id='word_1_123' title='bbox 872 1352 1072 1402; x_wconf 82' lang='lat' dir='ltr'>fignificat,</span> 
     </span>
     <span class='ocr_line' id='line_1_25' title="bbox 360 1403 1073 1453; baseline 0.003 -15"><span class='ocrx_word' id='word_1_124' title='bbox 360 1414 466 1453; x_wconf 88' lang='lat' dir='ltr'>atque</span> <span class='ocrx_word' id='word_1_125' title='bbox 518 1408 671 1451; x_wconf 82' lang='lat' dir='ltr'>Emparer</span> <span class='ocrx_word' id='word_1_126' title='bbox 711 1404 870 1438; x_wconf 76' lang='lat' dir='ltr'>Gallicum</span> <span class='ocrx_word' id='word_1_127' title='bbox 894 1430 903 1439; x_wconf 88' lang='lat'><strong>.</strong></span> <span class='ocrx_word' id='word_1_128' title='bbox 948 1403 1073 1440; x_wconf 86' lang='lat' dir='ltr'>Latini</span> 
     </span>
     <span class='ocr_line' id='line_1_26' title="bbox 360 1454 1072 1505; baseline -0.001 -14"><span class='ocrx_word' id='word_1_129' title='bbox 360 1469 502 1505; x_wconf 83' lang='lat' dir='ltr'>quoque</span> <span class='ocrx_word' id='word_1_130' title='bbox 529 1455 708 1501; x_wconf 68' lang='lat' dir='ltr'>percipere,</span> <span class='ocrx_word' id='word_1_131' title='bbox 736 1456 997 1500; x_wconf 74' lang='lat' dir='ltr'>Comprehendere</span> <span class='ocrx_word' id='word_1_132' title='bbox 1020 1454 1072 1490; x_wconf 85' lang='lat' dir='ltr'>di-</span> 
     </span>
     <span class='ocr_line' id='line_1_27' title="bbox 359 1505 1072 1553; baseline -0.001 -11"><span class='ocrx_word' id='word_1_133' title='bbox 359 1516 489 1542; x_wconf 82' lang='lat' dir='ltr'>xerunt</span> <span class='ocrx_word' id='word_1_134' title='bbox 519 1519 579 1553; x_wconf 89' lang='lat' dir='ltr'>pro</span> <span class='ocrx_word' id='word_1_135' title='bbox 609 1505 731 1548; x_wconf 75' lang='lat' dir='ltr'>Discere</span> <span class='ocrx_word' id='word_1_136' title='bbox 743 1519 763 1548; x_wconf 87' lang='lat'>‚·</span> <span class='ocrx_word' id='word_1_137' title='bbox 797 1505 849 1541; x_wconf 91' lang='lat' dir='ltr'>ita</span> <span class='ocrx_word' id='word_1_138' title='bbox 886 1515 926 1541; x_wconf 90' lang='lat' dir='ltr'>ut</span> <span class='ocrx_word' id='word_1_139' title='bbox 952 1507 1072 1541; x_wconf 89' lang='lat' dir='ltr'>analo·</span> 
     </span>
     <span class='ocr_line' id='line_1_28' title="bbox 360 1555 1071 1606; baseline 0 -14"><span class='ocrx_word' id='word_1_140' title='bbox 360 1557 454 1606; x_wconf 83' lang='lat' dir='ltr'>giam</span> <span class='ocrx_word' id='word_1_141' title='bbox 483 1556 610 1592; x_wconf 85' lang='lat' dir='ltr'>sentias</span> <span class='ocrx_word' id='word_1_142' title='bbox 638 1555 732 1592; x_wconf 90' lang='lat' dir='ltr'>inter</span> <span class='ocrx_word' id='word_1_143' title='bbox 751 1556 926 1604; x_wconf 83' lang='lat' dir='ltr'>ejusmodi</span> <span class='ocrx_word' id='word_1_144' title='bbox 947 1557 1071 1592; x_wconf 87' lang='lat' dir='ltr'>verba.</span> 
     </span>
     <span class='ocr_line' id='line_1_29' title="bbox 310 1605 1073 1657; baseline 0 -14"><span class='ocrx_word' id='word_1_145' title='bbox 310 1609 502 1655; x_wconf 78' lang='lat' dir='ltr'>Impiccare.</span> <span class='ocrx_word' id='word_1_146' title='bbox 544 1605 637 1643; x_wconf 87' lang='lat' dir='ltr'>Vide</span> <span class='ocrx_word' id='word_1_147' title='bbox 674 1606 775 1657; x_wconf 87' lang='lat' dir='ltr'>supra</span> <span class='ocrx_word' id='word_1_148' title='bbox 814 1607 960 1644; x_wconf 81' lang='lat' dir='ltr'>verbum</span> <span class='ocrx_word' id='word_1_149' title='bbox 995 1610 1073 1655; x_wconf 71' lang='lat' dir='ltr'>Ap-</span> 
     </span>
     <span class='ocr_line' id='line_1_30' title="bbox 358 1670 497 1706; baseline 0.022 -14"><span class='ocrx_word' id='word_1_150' title='bbox 358 1670 497 1706; x_wconf 58' lang='lat' dir='ltr'>ples-&#39;areo</span> 
     </span>
    </p>

    <p class='ocr_par' dir='ltr' id='par_1_6' title="bbox 310 1709 1073 2460">
     <span class='ocr_line' id='line_1_31' title="bbox 310 1709 1073 1754; baseline 0.001 -10"><span class='ocrx_word' id='word_1_151' title='bbox 310 1712 507 1754; x_wconf 79' lang='lat' dir='ltr'>Importare.</span> <span class='ocrx_word' id='word_1_152' title='bbox 551 1709 701 1754; x_wconf 71' lang='lat' dir='ltr'>Referre.</span> <span class='ocrx_word' id='word_1_153' title='bbox 742 1709 891 1746; x_wconf 81' lang='lat' dir='ltr'>Erudite</span> <span class='ocrx_word' id='word_1_154' title='bbox 932 1709 1073 1746; x_wconf 85' lang='lat' dir='ltr'>monuit</span> 
     </span>
     <span class='ocr_line' id='line_1_32' title="bbox 359 1760 1073 1805; baseline 0.001 -10"><span class='ocrx_word' id='word_1_155' title='bbox 359 1761 509 1795; x_wconf 86' lang='lat' dir='ltr'>Carolus</span> <span class='ocrx_word' id='word_1_156' title='bbox 554 1762 666 1796; x_wconf 85' lang='lat' dir='ltr'>Datus</span> <span class='ocrx_word' id='word_1_157' title='bbox 708 1760 968 1805; x_wconf 87' lang='lat' dir='ltr'>Florentinus‚</span> <span class='ocrx_word' id='word_1_158' title='bbox 1011 1774 1073 1796; x_wconf 90' lang='lat' dir='ltr'>nos</span> 
     </span>
     <span class='ocr_line' id='line_1_33' title="bbox 358 1810 1073 1860; baseline 0.004 -15"><span class='ocrx_word' id='word_1_159' title='bbox 358 1810 487 1846; x_wconf 87' lang='lat' dir='ltr'>Italice</span> <span class='ocrx_word' id='word_1_160' title='bbox 514 1810 698 1847; x_wconf 73' lang='lat' dir='ltr'>reddidisse</span> <span class='ocrx_word' id='word_1_161' title='bbox 720 1811 833 1860; x_wconf 90' lang='lat' dir='ltr'>ipsum</span> <span class='ocrx_word' id='word_1_162' title='bbox 857 1814 976 1856; x_wconf 86' lang='lat' dir='ltr'>Ferre,</span> <span class='ocrx_word' id='word_1_163' title='bbox 1004 1810 1073 1848; x_wconf 82' lang='lat' dir='ltr'>sive</span> 
     </span>
     <span class='ocr_line' id='line_1_34' title="bbox 358 1861 1072 1904; baseline 0.007 -11"><span class='ocrx_word' id='word_1_164' title='bbox 358 1861 490 1904; x_wconf 79' lang='lat' dir='ltr'>Referre</span> <span class='ocrx_word' id='word_1_165' title='bbox 516 1862 728 1899; x_wconf 86' lang='lat' dir='ltr'>Latinorum</span> <span class='ocrx_word' id='word_1_166' title='bbox 746 1889 754 1897; x_wconf 94' lang='lat'>.</span> <span class='ocrx_word' id='word_1_167' title='bbox 793 1864 887 1899; x_wconf 87' lang='lat' dir='ltr'>Nam</span> <span class='ocrx_word' id='word_1_168' title='bbox 919 1865 1016 1898; x_wconf 86' lang='lat' dir='ltr'>Ferre</span> <span class='ocrx_word' id='word_1_169' title='bbox 1043 1862 1072 1898; x_wconf 91' lang='lat' dir='ltr'>i-</span> 
     </span>
     <span class='ocr_line' id='line_1_35' title="bbox 359 1910 1072 1950; baseline 0.003 -5"><span class='ocrx_word' id='word_1_170' title='bbox 359 1910 439 1946; x_wconf 88' lang='lat' dir='ltr'>dem</span> <span class='ocrx_word' id='word_1_171' title='bbox 477 1911 522 1948; x_wconf 89' lang='lat' dir='ltr'>est</span> <span class='ocrx_word' id='word_1_172' title='bbox 557 1926 596 1948; x_wconf 89' lang='lat' dir='ltr'>ac</span> <span class='ocrx_word' id='word_1_173' title='bbox 633 1916 788 1948; x_wconf 76' lang='lat' dir='ltr'>Portare:</span> <span class='ocrx_word' id='word_1_174' title='bbox 823 1926 886 1949; x_wconf 92' lang='lat' dir='ltr'>nos</span> <span class='ocrx_word' id='word_1_175' title='bbox 925 1916 1007 1950; x_wconf 78' lang='lat' dir='ltr'>vero</span> <span class='ocrx_word' id='word_1_176' title='bbox 1036 1916 1072 1948; x_wconf 86' lang='lat' dir='ltr'>In</span> 
     </span>
     <span class='ocr_line' id='line_1_36' title="bbox 360 1960 1070 2000; baseline 0.007 -5"><span class='ocrx_word' id='word_1_177' title='bbox 360 1960 581 1999; x_wconf 88' lang='lat' dir='ltr'>addidimus.</span> <span class='ocrx_word' id='word_1_178' title='bbox 618 1963 719 1999; x_wconf 86' lang='lat' dir='ltr'>Mihi</span> <span class='ocrx_word' id='word_1_179' title='bbox 755 1972 874 2000; x_wconf 87' lang='lat' dir='ltr'>tamen</span> <span class='ocrx_word' id='word_1_180' title='bbox 911 1964 987 2000; x_wconf 82' lang='lat' dir='ltr'>veri</span> <span class='ocrx_word' id='word_1_181' title='bbox 1017 1963 1070 2000; x_wconf 91' lang='lat' dir='ltr'>vi</span> 
     </span>
     <span class='ocr_line' id='line_1_37' title="bbox 359 2010 1072 2063; baseline 0.007 -17"><span class='ocrx_word' id='word_1_182' title='bbox 359 2010 462 2047; x_wconf 87' lang='lat' dir='ltr'>detur</span> <span class='ocrx_word' id='word_1_183' title='bbox 489 2012 659 2056; x_wconf 85' lang='lat' dir='ltr'>similius,</span> <span class='ocrx_word' id='word_1_184' title='bbox 694 2027 759 2051; x_wconf 92' lang='lat' dir='ltr'>nos</span> <span class='ocrx_word' id='word_1_185' title='bbox 786 2014 878 2051; x_wconf 62' lang='lat' dir='ltr'>refi’ta</span> <span class='ocrx_word' id='word_1_186' title='bbox 906 2014 1072 2063; x_wconf 76' lang='lat' dir='ltr'>accepisse</span> 
     </span>
     <span class='ocr_line' id='line_1_38' title="bbox 359 2061 1071 2110; baseline 0.009 -14"><span class='ocrx_word' id='word_1_187' title='bbox 359 2062 404 2097; x_wconf 84' lang='lat' dir='ltr'>ab</span> <span class='ocrx_word' id='word_1_188' title='bbox 442 2061 517 2110; x_wconf 90' lang='lat' dir='ltr'>ipso</span> <span class='ocrx_word' id='word_1_189' title='bbox 553 2064 725 2106; x_wconf 75' lang='lat' dir='ltr'>Importare</span> <span class='ocrx_word' id='word_1_190' title='bbox 760 2066 973 2102; x_wconf 86' lang='lat' dir='ltr'>Latinorum</span> <span class='ocrx_word' id='word_1_191' title='bbox 1008 2078 1071 2101; x_wconf 91' lang='lat' dir='ltr'>no-</span> 
     </span>
     <span class='ocr_line' id='line_1_39' title="bbox 358 2112 1070 2163; baseline 0.007 -16"><span class='ocrx_word' id='word_1_192' title='bbox 358 2112 464 2147; x_wconf 83' lang='lat' dir='ltr'>strum</span> <span class='ocrx_word' id='word_1_193' title='bbox 493 2114 683 2160; x_wconf 80' lang='lat' dir='ltr'>Importare.</span> <span class='ocrx_word' id='word_1_194' title='bbox 713 2114 858 2150; x_wconf 84' lang='lat' dir='ltr'>Scilicet</span> <span class='ocrx_word' id='word_1_195' title='bbox 885 2129 993 2163; x_wconf 89' lang='lat' dir='ltr'>quum</span> <span class='ocrx_word' id='word_1_196' title='bbox 1015 2115 1070 2151; x_wconf 85' lang='lat' dir='ltr'>di-</span> 
     </span>
     <span class='ocr_line' id='line_1_40' title="bbox 359 2160 1073 2211; baseline 0.007 -15"><span class='ocrx_word' id='word_1_197' title='bbox 359 2160 495 2196; x_wconf 88' lang='lat' dir='ltr'>cimus:</span> <span class='ocrx_word' id='word_1_198' title='bbox 535 2164 636 2208; x_wconf 76' lang='lat' dir='ltr'>questo</span> <span class='ocrx_word' id='word_1_199' title='bbox 670 2176 731 2199; x_wconf 85' lang='lat' dir='ltr'>non</span> <span class='ocrx_word' id='word_1_200' title='bbox 766 2163 808 2197; x_wconf 90' lang='lat' dir='ltr'>m&#39;</span> <span class='ocrx_word' id='word_1_201' title='bbox 829 2167 966 2211; x_wconf 77' lang='lat' dir='ltr'>Importa</span> <span class='ocrx_word' id='word_1_202' title='bbox 989 2179 1005 2200; x_wconf 89' lang='lat'>.·</span> <span class='ocrx_word' id='word_1_203' title='bbox 1039 2167 1073 2210; x_wconf 84' lang='lat' dir='ltr'>se</span> 
     </span>
     <span class='ocr_line' id='line_1_41' title="bbox 358 2210 1070 2261; baseline 0.01 -16"><span class='ocrx_word' id='word_1_204' title='bbox 358 2211 460 2258; x_wconf 78' lang='lat' dir='ltr'>questo</span> <span class='ocrx_word' id='word_1_205' title='bbox 486 2210 521 2245; x_wconf 84' lang='lat' dir='ltr'>v’</span> <span class='ocrx_word' id='word_1_206' title='bbox 538 2214 696 2255; x_wconf 76' lang='lat' dir='ltr'>Importa,</span> <span class='ocrx_word' id='word_1_207' title='bbox 724 2213 798 2261; x_wconf 83' lang='lat' dir='ltr'>aliq</span> <span class='ocrx_word' id='word_1_208' title='bbox 802 2213 861 2249; x_wconf 86' lang='lat' dir='ltr'>uid</span> <span class='ocrx_word' id='word_1_209' title='bbox 883 2214 927 2250; x_wconf 90' lang='lat' dir='ltr'>est</span> <span class='ocrx_word' id='word_1_210' title='bbox 954 2215 1070 2252; x_wconf 87' lang='lat' dir='ltr'>subin-</span> 
     </span>
     <span class='ocr_line' id='line_1_42' title="bbox 359 2261 1071 2310; baseline 0.013 -15"><span class='ocrx_word' id='word_1_211' title='bbox 359 2261 594 2310; x_wconf 76' lang='lat' dir='ltr'>telligendum</span> <span class='ocrx_word' id='word_1_212' title='bbox 611 2286 622 2302; x_wconf 89' lang='lat'><em>‚</em></span> <span class='ocrx_word' id='word_1_213' title='bbox 649 2263 744 2309; x_wconf 91' lang='lat' dir='ltr'>quod</span> <span class='ocrx_word' id='word_1_214' title='bbox 773 2263 941 2301; x_wconf 88' lang='lat' dir='ltr'>videlicet</span> <span class='ocrx_word' id='word_1_215' title='bbox 968 2267 1071 2303; x_wconf 82' lang='lat' dir='ltr'>Lati-</span> 
     </span>
     <span class='ocr_line' id='line_1_43' title="bbox 359 2311 1070 2353; baseline 0.008 -6"><span class='ocrx_word' id='word_1_216' title='bbox 359 2311 399 2347; x_wconf 88' lang='lat' dir='ltr'>ni</span> <span class='ocrx_word' id='word_1_217' title='bbox 427 2312 613 2348; x_wconf 72' lang='lat' dir='ltr'>dixissent:</span> <span class='ocrx_word' id='word_1_218' title='bbox 653 2316 720 2348; x_wconf 72' lang='lat' dir='ltr'>Hoc</span> <span class='ocrx_word' id='word_1_219' title='bbox 755 2315 854 2353; x_wconf 81' lang='lat' dir='ltr'>mibi,</span> <span class='ocrx_word' id='word_1_220' title='bbox 891 2327 948 2351; x_wconf 79' lang='lat' dir='ltr'>aut</span> <span class='ocrx_word' id='word_1_221' title='bbox 979 2318 1070 2353; x_wconf 79' lang='lat' dir='ltr'>vobis</span> 
     </span>
     <span class='ocr_line' id='line_1_44' title="bbox 360 2363 1070 2408; baseline 0.008 -11"><span class='ocrx_word' id='word_1_222' title='bbox 360 2363 445 2397; x_wconf 77' lang='lat' dir='ltr'>nihil</span> <span class='ocrx_word' id='word_1_223' title='bbox 479 2364 658 2408; x_wconf 78' lang='lat' dir='ltr'>utilitatis,</span> <span class='ocrx_word' id='word_1_224' title='bbox 694 2376 751 2401; x_wconf 76' lang='lat' dir='ltr'>aut</span> <span class='ocrx_word' id='word_1_225' title='bbox 786 2365 968 2402; x_wconf 79' lang='lat' dir='ltr'>incommodi</span> <span class='ocrx_word' id='word_1_226' title='bbox 1007 2371 1070 2403; x_wconf 88' lang='lat' dir='ltr'>Im-</span> 
     </span>
     <span class='ocr_line' id='line_1_45' title="bbox 356 2423 484 2460; baseline 0.016 -14"><span class='ocrx_word' id='word_1_227' title='bbox 356 2423 484 2460; x_wconf 74' lang='lat' dir='ltr'>portat.</span> 
     </span>
    </p>

    <p class='ocr_par' dir='ltr' id='par_1_7' title="bbox 310 2465 1070 2556">
     <span class='ocr_line' id='line_1_46' title="bbox 310 2465 1070 2513; baseline 0.008 -14"><span class='ocrx_word' id='word_1_228' title='bbox 310 2466 526 2510; x_wconf 75' lang='lat' dir='ltr'>Improneare.</span> <span class='ocrx_word' id='word_1_229' title='bbox 563 2465 740 2513; x_wconf 73' lang='lat' dir='ltr'>Effigiare.</span> <span class='ocrx_word' id='word_1_230' title='bbox 778 2466 870 2504; x_wconf 88' lang='lat' dir='ltr'>Vide</span> <span class='ocrx_word' id='word_1_231' title='bbox 904 2467 1070 2506; x_wconf 76' lang='lat' dir='ltr'>Disserta-</span> 
     </span>
     <span class='ocr_line' id='line_1_47' title="bbox 359 2515 1002 2556; baseline 0.006 -5"><span class='ocrx_word' id='word_1_232' title='bbox 359 2515 495 2552; x_wconf 78' lang='lat' dir='ltr'>tionem</span> <span class='ocrx_word' id='word_1_233' title='bbox 525 2518 622 2552; x_wconf 84' lang='lat' dir='ltr'>XVI.</span> <span class='ocrx_word' id='word_1_234' title='bbox 649 2519 688 2552; x_wconf 85' lang='lat' dir='ltr'>de</span> <span class='ocrx_word' id='word_1_235' title='bbox 714 2519 974 2555; x_wconf 65' lang='lat' dir='ltr'>foeneratoribus</span> <span class='ocrx_word' id='word_1_236' title='bbox 994 2546 1002 2556; x_wconf 87' lang='lat'><strong>.</strong></span> 
     </span>
    </p>
   </div>
   <div class='ocr_carea' id='block_1_5' title="bbox 1107 248 1940 299">
    <p class='ocr_par' dir='ltr' id='par_1_8' title="bbox 1107 248 1940 299">
     <span class='ocr_line' id='line_1_48' title="bbox 1107 248 1940 299; baseline 0.004 -16"><span class='ocrx_word' id='word_1_237' title='bbox 1107 249 1136 284; x_wconf 90' lang='lat' dir='ltr'>A</span> <span class='ocrx_word' id='word_1_238' title='bbox 1183 248 1361 294; x_wconf 81' lang='lat' dir='ltr'>Inaffiare‚</span> <span class='ocrx_word' id='word_1_239' title='bbox 1388 249 1579 296; x_wconf 79' lang='lat' dir='ltr'>Anaffiare.</span> <span class='ocrx_word' id='word_1_240' title='bbox 1610 250 1741 286; x_wconf 73' lang='lat' dir='ltr'>Leviter</span> <span class='ocrx_word' id='word_1_241' title='bbox 1767 254 1940 299; x_wconf 79' lang='lat' dir='ltr'>consperge-</span> 
     </span>
    </p>
   </div>
   <div class='ocr_carea' id='block_1_6' title="bbox 1232 300 1943 451">
    <p class='ocr_par' dir='ltr' id='par_1_9' title="bbox 1232 300 1943 451">
     <span class='ocr_line' id='line_1_49' title="bbox 1233 300 1942 338; baseline 0.007 -5"><span class='ocrx_word' id='word_1_242' title='bbox 1233 312 1284 334; x_wconf 86' lang='lat' dir='ltr'>re.</span> <span class='ocrx_word' id='word_1_243' title='bbox 1325 300 1422 336; x_wconf 91' lang='lat' dir='ltr'>Mihi</span> <span class='ocrx_word' id='word_1_244' title='bbox 1460 301 1608 337; x_wconf 90' lang='lat' dir='ltr'>omnino</span> <span class='ocrx_word' id='word_1_245' title='bbox 1650 302 1804 338; x_wconf 87' lang='lat' dir='ltr'>creditur</span> <span class='ocrx_word' id='word_1_246' title='bbox 1839 303 1942 338; x_wconf 83' lang='lat' dir='ltr'>effor-</span> 
     </span>
     <span class='ocr_line' id='line_1_50' title="bbox 1234 352 1943 398; baseline 0.003 -12"><span class='ocrx_word' id='word_1_247' title='bbox 1234 360 1367 387; x_wconf 81' lang='lat' dir='ltr'>matum</span> <span class='ocrx_word' id='word_1_248' title='bbox 1405 365 1448 388; x_wconf 85' lang='lat' dir='ltr'>ex</span> <span class='ocrx_word' id='word_1_249' title='bbox 1485 354 1523 387; x_wconf 90' lang='lat' dir='ltr'>In</span> <span class='ocrx_word' id='word_1_250' title='bbox 1559 353 1592 387; x_wconf 73' lang='lat'>8&lt;</span> <span class='ocrx_word' id='word_1_251' title='bbox 1621 353 1754 398; x_wconf 68' lang='lat' dir='ltr'>Asflare</span> <span class='ocrx_word' id='word_1_252' title='bbox 1791 352 1943 389; x_wconf 84' lang='lat' dir='ltr'>Latino-</span> 
     </span>
     <span class='ocr_line' id='line_1_51' title="bbox 1232 401 1942 451; baseline 0.003 -14"><span class='ocrx_word' id='word_1_253' title='bbox 1232 414 1333 441; x_wconf 85' lang='lat' dir='ltr'>rum,</span> <span class='ocrx_word' id='word_1_254' title='bbox 1371 401 1666 451; x_wconf 86' lang='lat' dir='ltr'>subintelligendo</span> <span class='ocrx_word' id='word_1_255' title='bbox 1703 405 1823 450; x_wconf 72' lang='lat' dir='ltr'>Aqua.</span> <span class='ocrx_word' id='word_1_256' title='bbox 1861 405 1942 439; x_wconf 89' lang='lat' dir='ltr'>Me-</span> 
     </span>
    </p>
   </div>
   <div class='ocr_carea' id='block_1_7' title="bbox 1232 452 1941 548">
    <p class='ocr_par' dir='ltr' id='par_1_10' title="bbox 1232 452 1941 548">
     <span class='ocr_line' id='line_1_52' title="bbox 1232 452 1941 502; baseline 0.004 -15"><span class='ocrx_word' id='word_1_257' title='bbox 1232 452 1413 501; x_wconf 85' lang='lat' dir='ltr'>taphorice</span> <span class='ocrx_word' id='word_1_258' title='bbox 1437 453 1579 487; x_wconf 88' lang='lat' dir='ltr'>verbum</span> <span class='ocrx_word' id='word_1_259' title='bbox 1601 453 1826 499; x_wconf 86' lang='lat' dir='ltr'>adhibemus,</span> <span class='ocrx_word' id='word_1_260' title='bbox 1855 467 1941 502; x_wconf 83' lang='lat' dir='ltr'>qua-</span> 
     </span>
     <span class='ocr_line' id='line_1_53' title="bbox 1233 501 1678 548; baseline -0.002 -11"><span class='ocrx_word' id='word_1_261' title='bbox 1233 501 1277 547; x_wconf 84' lang='lat' dir='ltr'>fi,</span> <span class='ocrx_word' id='word_1_262' title='bbox 1307 516 1348 536; x_wconf 84' lang='lat' dir='ltr'>un</span> <span class='ocrx_word' id='word_1_263' title='bbox 1375 501 1473 545; x_wconf 78' lang='lat' dir='ltr'>Soffio</span> <span class='ocrx_word' id='word_1_264' title='bbox 1498 501 1531 535; x_wconf 85' lang='lat' dir='ltr'>a&#39;</span> <span class='ocrx_word' id='word_1_265' title='bbox 1543 506 1678 548; x_wconf 73' lang='lat' dir='ltr'>Aequa.</span> 
     </span>
    </p>
   </div>
   <div class='ocr_carea' id='block_1_8' title="bbox 1183 550 1943 596">
    <p class='ocr_par' dir='ltr' id='par_1_11' title="bbox 1183 550 1943 596">
     <span class='ocr_line' id='line_1_54' title="bbox 1183 550 1943 596; baseline 0.003 -9"><span class='ocrx_word' id='word_1_266' title='bbox 1183 555 1329 588; x_wconf 72' lang='lat' dir='ltr'>incanto.</span> <span class='ocrx_word' id='word_1_267' title='bbox 1358 550 1501 587; x_wconf 66' lang='lat' dir='ltr'>Auc‘lio.</span> <span class='ocrx_word' id='word_1_268' title='bbox 1539 554 1727 588; x_wconf 78' lang='lat' dir='ltr'>Incantare.</span> <span class='ocrx_word' id='word_1_269' title='bbox 1763 555 1830 588; x_wconf 82' lang='lat' dir='ltr'>sub</span> <span class='ocrx_word' id='word_1_270' title='bbox 1855 554 1943 596; x_wconf 74' lang='lat' dir='ltr'>hasta</span> 
     </span>
    </p>
   </div>
   <div class='ocr_carea' id='block_1_9' title="bbox 1233 601 1951 1860">
    <p class='ocr_par' dir='ltr' id='par_1_12' title="bbox 1233 601 1951 1860">
     <span class='ocr_line' id='line_1_55' title="bbox 1233 601 1943 638; baseline 0.001 -1"><span class='ocrx_word' id='word_1_271' title='bbox 1233 605 1384 637; x_wconf 80' lang='lat' dir='ltr'>vendere.</span> <span class='ocrx_word' id='word_1_272' title='bbox 1423 604 1457 636; x_wconf 83' lang='lat' dir='ltr'>A</span> <span class='ocrx_word' id='word_1_273' title='bbox 1487 601 1794 638; x_wconf 81' lang='lat' dir='ltr'>Latino-Barbare</span> <span class='ocrx_word' id='word_1_274' title='bbox 1829 605 1943 638; x_wconf 78' lang='lat' dir='ltr'>Incan-</span> 
     </span>
     <span class='ocr_line' id='line_1_56' title="bbox 1233 655 1942 700; baseline 0.003 -13"><span class='ocrx_word' id='word_1_275' title='bbox 1233 662 1300 688; x_wconf 82' lang='lat' dir='ltr'>tare</span> <span class='ocrx_word' id='word_1_276' title='bbox 1341 665 1404 700; x_wconf 89' lang='lat' dir='ltr'>pro</span> <span class='ocrx_word' id='word_1_277' title='bbox 1445 655 1603 697; x_wconf 78' lang='lat' dir='ltr'>cantare,</span> <span class='ocrx_word' id='word_1_278' title='bbox 1647 656 1790 688; x_wconf 77' lang='lat' dir='ltr'>Intonare</span> <span class='ocrx_word' id='word_1_279' title='bbox 1809 680 1820 698; x_wconf 90' lang='lat'>,</span> <span class='ocrx_word' id='word_1_280' title='bbox 1867 655 1942 689; x_wconf 88' lang='lat' dir='ltr'>Du-</span> 
     </span>
     <span class='ocr_line' id='line_1_57' title="bbox 1234 703 1944 752; baseline 0.001 -14"><span class='ocrx_word' id='word_1_281' title='bbox 1234 703 1413 752; x_wconf 86' lang='lat' dir='ltr'>Cangius,</span> <span class='ocrx_word' id='word_1_282' title='bbox 1444 703 1659 752; x_wconf 85' lang='lat' dir='ltr'>Menagius,</span> <span class='ocrx_word' id='word_1_283' title='bbox 1696 705 1728 739; x_wconf 78' lang='lat'>8&lt;</span> <span class='ocrx_word' id='word_1_284' title='bbox 1768 704 1944 740; x_wconf 82' lang='lat' dir='ltr'>Ferrarius</span> 
     </span>
     <span class='ocr_line' id='line_1_58' title="bbox 1233 753 1943 802; baseline 0.003 -14"><span class='ocrx_word' id='word_1_285' title='bbox 1233 753 1324 789; x_wconf 85' lang='lat' dir='ltr'>hanc</span> <span class='ocrx_word' id='word_1_286' title='bbox 1367 766 1491 789; x_wconf 88' lang='lat' dir='ltr'>vocem</span> <span class='ocrx_word' id='word_1_287' title='bbox 1538 753 1727 802; x_wconf 62' lang='lat' dir='ltr'>profeEiam</span> <span class='ocrx_word' id='word_1_288' title='bbox 1773 754 1913 790; x_wconf 90' lang='lat' dir='ltr'>censent</span> <span class='ocrx_word' id='word_1_289' title='bbox 1934 780 1943 790; x_wconf 84' lang='lat'><strong>.</strong></span> 
     </span>
     <span class='ocr_line' id='line_1_59' title="bbox 1235 804 1944 853; baseline 0 -13"><span class='ocrx_word' id='word_1_290' title='bbox 1235 804 1299 840; x_wconf 88' lang='lat' dir='ltr'>Sed</span> <span class='ocrx_word' id='word_1_291' title='bbox 1323 817 1435 852; x_wconf 83' lang='lat' dir='ltr'>quum</span> <span class='ocrx_word' id='word_1_292' title='bbox 1463 806 1627 840; x_wconf 77' lang='lat' dir='ltr'>Incantare</span> <span class='ocrx_word' id='word_1_293' title='bbox 1652 805 1740 853; x_wconf 89' lang='lat' dir='ltr'>apud</span> <span class='ocrx_word' id='word_1_294' title='bbox 1769 805 1944 849; x_wconf 85' lang='lat' dir='ltr'>Latinos,</span> 
     </span>
     <span class='ocr_line' id='line_1_60' title="bbox 1235 854 1945 902; baseline -0.001 -11"><span class='ocrx_word' id='word_1_295' title='bbox 1235 856 1269 891; x_wconf 83' lang='lat'>&amp;</span> <span class='ocrx_word' id='word_1_296' title='bbox 1300 854 1519 902; x_wconf 88' lang='lat' dir='ltr'>antiquiores</span> <span class='ocrx_word' id='word_1_297' title='bbox 1549 856 1872 892; x_wconf 80' lang='lat' dir='ltr'>Barbam-Latinos</span> <span class='ocrx_word' id='word_1_298' title='bbox 1893 855 1945 890; x_wconf 88' lang='lat' dir='ltr'>nil</span> 
     </span>
     <span class='ocr_line' id='line_1_61' title="bbox 1236 903 1946 954; baseline 0.001 -14"><span class='ocrx_word' id='word_1_299' title='bbox 1236 905 1332 941; x_wconf 86' lang='lat' dir='ltr'>aliud</span> <span class='ocrx_word' id='word_1_300' title='bbox 1361 903 1584 954; x_wconf 80' lang='lat' dir='ltr'>significarit,</span> <span class='ocrx_word' id='word_1_301' title='bbox 1613 905 1675 941; x_wconf 85' lang='lat' dir='ltr'>nisi</span> <span class='ocrx_word' id='word_1_302' title='bbox 1697 905 1843 954; x_wconf 80' lang='lat' dir='ltr'>magicis</span> <span class='ocrx_word' id='word_1_303' title='bbox 1864 919 1946 941; x_wconf 87' lang='lat' dir='ltr'>can-</span> 
     </span>
     <span class='ocr_line' id='line_1_62' title="bbox 1237 955 1947 1003; baseline 0 -11"><span class='ocrx_word' id='word_1_304' title='bbox 1237 956 1420 999; x_wconf 81' lang='lat' dir='ltr'>tionibus,</span> <span class='ocrx_word' id='word_1_305' title='bbox 1448 957 1481 992; x_wconf 86' lang='lat'>&amp;</span> <span class='ocrx_word' id='word_1_306' title='bbox 1513 955 1693 992; x_wconf 83' lang='lat' dir='ltr'>veneficiis</span> <span class='ocrx_word' id='word_1_307' title='bbox 1720 969 1859 1003; x_wconf 86' lang='lat' dir='ltr'>operam</span> <span class='ocrx_word' id='word_1_308' title='bbox 1886 957 1947 991; x_wconf 89' lang='lat' dir='ltr'>da·-</span> 
     </span>
     <span class='ocr_line' id='line_1_63' title="bbox 1236 1005 1948 1055; baseline -0.003 -13"><span class='ocrx_word' id='word_1_309' title='bbox 1236 1019 1296 1055; x_wconf 79' lang='lat' dir='ltr'>re;</span> <span class='ocrx_word' id='word_1_310' title='bbox 1339 1005 1375 1042; x_wconf 64' lang='grc' dir='ltr'>ἃ,</span> <span class='ocrx_word' id='word_1_311' title='bbox 1419 1008 1584 1042; x_wconf 78' lang='lat' dir='ltr'>Incantare</span> <span class='ocrx_word' id='word_1_312' title='bbox 1621 1020 1682 1055; x_wconf 90' lang='lat' dir='ltr'>pro</span> <span class='ocrx_word' id='word_1_313' title='bbox 1720 1009 1856 1041; x_wconf 78' lang='lat' dir='ltr'>Vendere</span> <span class='ocrx_word' id='word_1_314' title='bbox 1887 1007 1948 1052; x_wconf 87' lang='lat' dir='ltr'>sub</span> 
     </span>
     <span class='ocr_line' id='line_1_64' title="bbox 1236 1056 1948 1103; baseline 0 -11"><span class='ocrx_word' id='word_1_315' title='bbox 1236 1057 1326 1098; x_wconf 75' lang='lat' dir='ltr'>halla</span> <span class='ocrx_word' id='word_1_316' title='bbox 1355 1056 1533 1103; x_wconf 87' lang='lat' dir='ltr'>postremis</span> <span class='ocrx_word' id='word_1_317' title='bbox 1565 1060 1703 1094; x_wconf 73' lang='lat' dir='ltr'>tantum</span> <span class='ocrx_word' id='word_1_318' title='bbox 1733 1057 1864 1093; x_wconf 85' lang='lat' dir='ltr'>Seculis</span> <span class='ocrx_word' id='word_1_319' title='bbox 1891 1057 1948 1093; x_wconf 88' lang='lat' dir='ltr'>in-</span> 
     </span>
     <span class='ocr_line' id='line_1_65' title="bbox 1237 1107 1946 1155; baseline 0.003 -14"><span class='ocrx_word' id='word_1_320' title='bbox 1237 1107 1390 1141; x_wconf 83' lang='lat' dir='ltr'>valuerit</span> <span class='ocrx_word' id='word_1_321' title='bbox 1436 1107 1473 1141; x_wconf 88' lang='lat' dir='ltr'>in</span> <span class='ocrx_word' id='word_1_322' title='bbox 1513 1107 1649 1142; x_wconf 86' lang='lat' dir='ltr'>Italia:</span> <span class='ocrx_word' id='word_1_323' title='bbox 1696 1107 1946 1155; x_wconf 88' lang='lat' dir='ltr'>inquirendum</span> 
     </span>
     <span class='ocr_line' id='line_1_66' title="bbox 1237 1156 1947 1204; baseline 0.001 -13"><span class='ocrx_word' id='word_1_324' title='bbox 1237 1156 1349 1192; x_wconf 85' lang='lat' dir='ltr'>adhuc</span> <span class='ocrx_word' id='word_1_325' title='bbox 1378 1166 1486 1204; x_wconf 85' lang='lat' dir='ltr'>puto,</span> <span class='ocrx_word' id='word_1_326' title='bbox 1523 1169 1608 1192; x_wconf 87' lang='lat' dir='ltr'>num</span> <span class='ocrx_word' id='word_1_327' title='bbox 1641 1156 1732 1192; x_wconf 79' lang='lat' dir='ltr'>forte</span> <span class='ocrx_word' id='word_1_328' title='bbox 1760 1157 1947 1192; x_wconf 84' lang='lat' dir='ltr'>Germani-</span> 
     </span>
     <span class='ocr_line' id='line_1_67' title="bbox 1237 1206 1947 1255; baseline 0 -13"><span class='ocrx_word' id='word_1_329' title='bbox 1237 1220 1276 1242; x_wconf 90' lang='lat' dir='ltr'>ca</span> <span class='ocrx_word' id='word_1_330' title='bbox 1306 1206 1445 1255; x_wconf 83' lang='lat' dir='ltr'>Lingua</span> <span class='ocrx_word' id='word_1_331' title='bbox 1482 1206 1583 1243; x_wconf 91' lang='lat' dir='ltr'>nobis</span> <span class='ocrx_word' id='word_1_332' title='bbox 1619 1206 1707 1243; x_wconf 86' lang='lat' dir='ltr'>hanc</span> <span class='ocrx_word' id='word_1_333' title='bbox 1736 1220 1858 1242; x_wconf 88' lang='lat' dir='ltr'>vocem</span> <span class='ocrx_word' id='word_1_334' title='bbox 1887 1207 1947 1242; x_wconf 88' lang='lat' dir='ltr'>de·-</span> 
     </span>
     <span class='ocr_line' id='line_1_68' title="bbox 1236 1256 1946 1305; baseline 0 -13"><span class='ocrx_word' id='word_1_335' title='bbox 1236 1257 1320 1292; x_wconf 79' lang='lat' dir='ltr'>diffe</span> <span class='ocrx_word' id='word_1_336' title='bbox 1361 1256 1546 1303; x_wconf 84' lang='lat' dir='ltr'>potuerit.</span> <span class='ocrx_word' id='word_1_337' title='bbox 1598 1257 1680 1303; x_wconf 80' lang='lat' dir='ltr'>Ipsis</span> <span class='ocrx_word' id='word_1_338' title='bbox 1729 1257 1860 1305; x_wconf 86' lang='lat' dir='ltr'>quippe</span> <span class='ocrx_word' id='word_1_339' title='bbox 1900 1257 1946 1292; x_wconf 85' lang='lat' dir='ltr'>est</span> 
     </span>
     <span class='ocr_line' id='line_1_69' title="bbox 1236 1304 1949 1351; baseline 0.004 -13"><span class='ocrx_word' id='word_1_340' title='bbox 1236 1309 1325 1339; x_wconf 75' lang='lat' dir='ltr'>Gant</span> <span class='ocrx_word' id='word_1_341' title='bbox 1344 1328 1353 1343; x_wconf 88' lang='lat'><em>‚</em></span> <span class='ocrx_word' id='word_1_342' title='bbox 1391 1304 1586 1351; x_wconf 80' lang='lat' dir='ltr'>significans</span> <span class='ocrx_word' id='word_1_343' title='bbox 1613 1306 1806 1340; x_wconf 59' lang='lat' dir='ltr'>Auffionem</span> <span class='ocrx_word' id='word_1_344' title='bbox 1840 1307 1949 1350; x_wconf 82' lang='lat' dir='ltr'>publi-</span> 
     </span>
     <span class='ocr_line' id='line_1_70' title="bbox 1237 1354 1949 1404; baseline 0.003 -14"><span class='ocrx_word' id='word_1_345' title='bbox 1237 1367 1321 1390; x_wconf 83' lang='lat' dir='ltr'>cam.</span> <span class='ocrx_word' id='word_1_346' title='bbox 1350 1354 1488 1388; x_wconf 84' lang='lat' dir='ltr'>Addito</span> <span class='ocrx_word' id='word_1_347' title='bbox 1527 1354 1641 1390; x_wconf 86' lang='lat' dir='ltr'>nostro</span> <span class='ocrx_word' id='word_1_348' title='bbox 1677 1358 1738 1399; x_wconf 83' lang='lat' dir='ltr'>In,</span> <span class='ocrx_word' id='word_1_349' title='bbox 1775 1357 1867 1404; x_wconf 90' lang='lat' dir='ltr'>quod</span> <span class='ocrx_word' id='word_1_350' title='bbox 1896 1366 1949 1392; x_wconf 83' lang='lat' dir='ltr'>ta-</span> 
     </span>
     <span class='ocr_line' id='line_1_71' title="bbox 1239 1404 1950 1451; baseline 0.006 -12"><span class='ocrx_word' id='word_1_351' title='bbox 1239 1417 1318 1440; x_wconf 89' lang='lat' dir='ltr'>men</span> <span class='ocrx_word' id='word_1_352' title='bbox 1346 1404 1379 1439; x_wconf 88' lang='lat'>&amp;</span> <span class='ocrx_word' id='word_1_353' title='bbox 1408 1406 1663 1441; x_wconf 87' lang='lat' dir='ltr'>Germanorum</span> <span class='ocrx_word' id='word_1_354' title='bbox 1693 1406 1765 1451; x_wconf 83' lang='lat' dir='ltr'>est,</span> <span class='ocrx_word' id='word_1_355' title='bbox 1796 1406 1950 1443; x_wconf 83' lang='lat' dir='ltr'>evafiffet</span> 
     </span>
     <span class='ocr_line' id='line_1_72' title="bbox 1238 1456 1950 1503; baseline 0.001 -12"><span class='ocrx_word' id='word_1_356' title='bbox 1238 1458 1392 1495; x_wconf 84' lang='lat' dir='ltr'>Incamo,</span> <span class='ocrx_word' id='word_1_357' title='bbox 1430 1464 1535 1503; x_wconf 91' lang='lat' dir='ltr'>atque</span> <span class='ocrx_word' id='word_1_358' title='bbox 1563 1456 1616 1492; x_wconf 84' lang='lat' dir='ltr'>uti</span> <span class='ocrx_word' id='word_1_359' title='bbox 1644 1459 1781 1492; x_wconf 76' lang='lat' dir='ltr'>Mem-re</span> <span class='ocrx_word' id='word_1_360' title='bbox 1808 1458 1841 1492; x_wconf 81' lang='lat' dir='ltr'>in</span> <span class='ocrx_word' id='word_1_361' title='bbox 1868 1471 1950 1492; x_wconf 81' lang='lat' dir='ltr'>ven-</span> 
     </span>
     <span class='ocr_line' id='line_1_73' title="bbox 1237 1505 1950 1553; baseline 0.003 -11"><span class='ocrx_word' id='word_1_362' title='bbox 1237 1507 1331 1551; x_wconf 81' lang='lat' dir='ltr'>dita,</span> <span class='ocrx_word' id='word_1_363' title='bbox 1358 1505 1409 1542; x_wconf 86' lang='lat' dir='ltr'>ita</span> <span class='ocrx_word' id='word_1_364' title='bbox 1437 1508 1574 1541; x_wconf 73' lang='lat' dir='ltr'>Mmere</span> <span class='ocrx_word' id='word_1_365' title='bbox 1602 1509 1634 1542; x_wconf 80' lang='lat' dir='ltr'>in</span> <span class='ocrx_word' id='word_1_366' title='bbox 1654 1511 1780 1553; x_wconf 80' lang='lat' dir='ltr'>Gamo,</span> <span class='ocrx_word' id='word_1_367' title='bbox 1809 1511 1841 1543; x_wconf 86' lang='lat' dir='ltr'>in</span> <span class='ocrx_word' id='word_1_368' title='bbox 1862 1512 1950 1544; x_wconf 86' lang='lat' dir='ltr'>Can-</span> 
     </span>
     <span class='ocr_line' id='line_1_74' title="bbox 1238 1556 1949 1601; baseline 0.004 -9"><span class='ocrx_word' id='word_1_369' title='bbox 1238 1569 1291 1601; x_wconf 74' lang='lat' dir='ltr'>to,</span> <span class='ocrx_word' id='word_1_370' title='bbox 1319 1556 1446 1593; x_wconf 85' lang='lat' dir='ltr'>deinde</span> <span class='ocrx_word' id='word_1_371' title='bbox 1475 1561 1558 1594; x_wconf 72' lang='lat' dir='ltr'>verb</span> <span class='ocrx_word' id='word_1_372' title='bbox 1580 1561 1735 1599; x_wconf 74' lang='lat' dir='ltr'>Merme,</span> <span class='ocrx_word' id='word_1_373' title='bbox 1761 1558 1949 1595; x_wconf 82' lang='lat' dir='ltr'>all&#39;lncan-</span> 
     </span>
     <span class='ocr_line' id='line_1_75' title="bbox 1238 1609 1949 1650; baseline 0.006 -8"><span class='ocrx_word' id='word_1_374' title='bbox 1238 1619 1291 1648; x_wconf 84' lang='lat' dir='ltr'>to,</span> <span class='ocrx_word' id='word_1_375' title='bbox 1328 1611 1511 1644; x_wconf 75' lang='lat' dir='ltr'>Incantare.</span> <span class='ocrx_word' id='word_1_376' title='bbox 1550 1609 1672 1646; x_wconf 92' lang='lat' dir='ltr'>Illi-ne</span> <span class='ocrx_word' id='word_1_377' title='bbox 1700 1623 1718 1645; x_wconf 86' lang='lat' dir='ltr'>a</span> <span class='ocrx_word' id='word_1_378' title='bbox 1746 1609 1868 1650; x_wconf 86' lang='lat' dir='ltr'>nobis,</span> <span class='ocrx_word' id='word_1_379' title='bbox 1906 1624 1949 1646; x_wconf 89' lang='lat' dir='ltr'>an</span> 
     </span>
     <span class='ocr_line' id='line_1_76' title="bbox 1238 1658 1951 1719; baseline 0.003 -25"><span class='ocrx_word' id='word_1_380' title='bbox 1238 1672 1302 1695; x_wconf 89' lang='lat' dir='ltr'>nos</span> <span class='ocrx_word' id='word_1_381' title='bbox 1338 1659 1381 1695; x_wconf 88' lang='lat' dir='ltr'>ab</span> <span class='ocrx_word' id='word_1_382' title='bbox 1421 1658 1497 1695; x_wconf 83' lang='lat' dir='ltr'>illis</span> <span class='ocrx_word' id='word_1_383' title='bbox 1534 1673 1657 1696; x_wconf 90' lang='lat' dir='ltr'>vocem</span> <span class='ocrx_word' id='word_1_384' title='bbox 1700 1660 1951 1719; x_wconf 85' lang='lat' dir='ltr'>sumserimus,</span> 
     </span>
     <span class='ocr_line' id='line_1_77' title="bbox 1239 1710 1950 1760; baseline 0.003 -15"><span class='ocrx_word' id='word_1_385' title='bbox 1239 1710 1421 1746; x_wconf 87' lang='lat' dir='ltr'>decernere</span> <span class='ocrx_word' id='word_1_386' title='bbox 1448 1710 1478 1746; x_wconf 87' lang='lat' dir='ltr'>is</span> <span class='ocrx_word' id='word_1_387' title='bbox 1514 1711 1666 1758; x_wconf 89' lang='lat' dir='ltr'>poterit,</span> <span class='ocrx_word' id='word_1_388' title='bbox 1704 1712 1766 1760; x_wconf 91' lang='lat' dir='ltr'>qui</span> <span class='ocrx_word' id='word_1_389' title='bbox 1804 1712 1950 1758; x_wconf 86' lang='lat' dir='ltr'>antiqua</span> 
     </span>
     <span class='ocr_line' id='line_1_78' title="bbox 1238 1759 1947 1811; baseline 0.004 -16"><span class='ocrx_word' id='word_1_390' title='bbox 1238 1761 1274 1796; x_wconf 75' lang='grc' dir='ltr'>δε</span> <span class='ocrx_word' id='word_1_391' title='bbox 1322 1759 1461 1808; x_wconf 86' lang='lat' dir='ltr'>propria</span> <span class='ocrx_word' id='word_1_392' title='bbox 1508 1761 1739 1798; x_wconf 87' lang='lat' dir='ltr'>Germanicae</span> <span class='ocrx_word' id='word_1_393' title='bbox 1786 1761 1947 1811; x_wconf 85' lang='lat' dir='ltr'>Linguae</span> 
     </span>
     <span class='ocr_line' id='line_1_79' title="bbox 1239 1809 1745 1860; baseline 0 -13"><span class='ocrx_word' id='word_1_394' title='bbox 1239 1811 1412 1847; x_wconf 83' lang='lat' dir='ltr'>vocabula</span> <span class='ocrx_word' id='word_1_395' title='bbox 1440 1809 1596 1848; x_wconf 86' lang='lat' dir='ltr'>indicare</span> <span class='ocrx_word' id='word_1_396' title='bbox 1620 1822 1745 1860; x_wconf 91' lang='lat' dir='ltr'>queat.</span> 
     </span>
    </p>
   </div>
   <div class='ocr_carea' id='block_1_10' title="bbox 1190 1862 1949 1910">
    <p class='ocr_par' dir='ltr' id='par_1_13' title="bbox 1190 1862 1949 1910">
     <span class='ocr_line' id='line_1_80' title="bbox 1190 1862 1949 1910; baseline 0.007 -15"><span class='ocrx_word' id='word_1_397' title='bbox 1190 1865 1378 1910; x_wconf 80' lang='lat' dir='ltr'>Incappare.</span> <span class='ocrx_word' id='word_1_398' title='bbox 1405 1862 1569 1902; x_wconf 81' lang='lat' dir='ltr'>Incidere,</span> <span class='ocrx_word' id='word_1_399' title='bbox 1606 1865 1785 1899; x_wconf 85' lang='lat' dir='ltr'>Incurrere.</span> <span class='ocrx_word' id='word_1_400' title='bbox 1820 1863 1949 1900; x_wconf 87' lang='lat' dir='ltr'>Mena-</span> 
     </span>
    </p>
   </div>
   <div class='ocr_carea' id='block_1_11' title="bbox 1237 1910 1951 2604">
    <p class='ocr_par' dir='ltr' id='par_1_14' title="bbox 1237 1910 1951 2604">
     <span class='ocr_line' id='line_1_81' title="bbox 1241 1910 1949 1970; baseline 0.003 -22"><span class='ocrx_word' id='word_1_401' title='bbox 1241 1914 1318 1970; x_wconf 78' lang='lat' dir='ltr'>gius</span> <span class='ocrx_word' id='word_1_402' title='bbox 1346 1910 1479 1948; x_wconf 86' lang='lat' dir='ltr'>censuit</span> <span class='ocrx_word' id='word_1_403' title='bbox 1516 1926 1558 1948; x_wconf 85' lang='lat' dir='ltr'>ex</span> <span class='ocrx_word' id='word_1_404' title='bbox 1593 1914 1756 1959; x_wconf 83' lang='lat' dir='ltr'>Incippare</span> <span class='ocrx_word' id='word_1_405' title='bbox 1792 1915 1949 1959; x_wconf 88' lang='lat' dir='ltr'>Latino,</span> 
     </span>
     <span class='ocr_line' id='line_1_82' title="bbox 1241 1963 1949 2014; baseline 0 -14"><span class='ocrx_word' id='word_1_406' title='bbox 1241 1977 1339 2014; x_wconf 61' lang='lat' dir='ltr'>cujus</span> <span class='ocrx_word' id='word_1_407' title='bbox 1376 1963 1474 1999; x_wconf 89' lang='lat' dir='ltr'>verbi</span> <span class='ocrx_word' id='word_1_408' title='bbox 1513 1963 1708 2000; x_wconf 75' lang='lat' dir='ltr'>assertorem</span> <span class='ocrx_word' id='word_1_409' title='bbox 1747 1964 1808 2001; x_wconf 85' lang='lat' dir='ltr'>dat</span> <span class='ocrx_word' id='word_1_410' title='bbox 1843 1964 1949 2001; x_wconf 85' lang='lat' dir='ltr'>lfido-</span> 
     </span>
     <span class='ocr_line' id='line_1_83' title="bbox 1241 2013 1950 2064; baseline 0 -13"><span class='ocrx_word' id='word_1_411' title='bbox 1241 2028 1318 2051; x_wconf 88' lang='lat' dir='ltr'>rum</span> <span class='ocrx_word' id='word_1_412' title='bbox 1356 2013 1394 2050; x_wconf 88' lang='lat' dir='ltr'>in</span> <span class='ocrx_word' id='word_1_413' title='bbox 1435 2013 1592 2059; x_wconf 84' lang='lat' dir='ltr'>Gloffis‚</span> <span class='ocrx_word' id='word_1_414' title='bbox 1629 2014 1794 2052; x_wconf 77' lang='lat' dir='ltr'>emersisse</span> <span class='ocrx_word' id='word_1_415' title='bbox 1836 2015 1950 2064; x_wconf 89' lang='lat' dir='ltr'>primo</span> 
     </span>
     <span class='ocr_line' id='line_1_84' title="bbox 1242 2065 1951 2114; baseline -0.003 -11"><span class='ocrx_word' id='word_1_416' title='bbox 1242 2065 1409 2104; x_wconf 84' lang='lat' dir='ltr'>Italicum</span> <span class='ocrx_word' id='word_1_417' title='bbox 1438 2067 1629 2114; x_wconf 79' lang='lat' dir='ltr'>Incappare,</span> <span class='ocrx_word' id='word_1_418' title='bbox 1666 2076 1740 2102; x_wconf 85' lang='lat' dir='ltr'>turn</span> <span class='ocrx_word' id='word_1_419' title='bbox 1772 2068 1951 2114; x_wconf 80' lang='lat' dir='ltr'>Inciampa-</span> 
     </span>
     <span class='ocr_line' id='line_1_85' title="bbox 1241 2116 1951 2161; baseline 0 -10"><span class='ocrx_word' id='word_1_420' title='bbox 1241 2129 1300 2151; x_wconf 87' lang='lat' dir='ltr'>re.</span> <span class='ocrx_word' id='word_1_421' title='bbox 1339 2116 1514 2153; x_wconf 82' lang='lat' dir='ltr'>Ferrarius</span> <span class='ocrx_word' id='word_1_422' title='bbox 1557 2120 1639 2152; x_wconf 62' lang='lat' dir='ltr'>verb</span> <span class='ocrx_word' id='word_1_423' title='bbox 1682 2118 1723 2154; x_wconf 92' lang='lat' dir='ltr'>ab</span> <span class='ocrx_word' id='word_1_424' title='bbox 1765 2118 1951 2161; x_wconf 80' lang='lat' dir='ltr'>Incelpitare</span> 
     </span>
     <span class='ocr_line' id='line_1_86' title="bbox 1241 2166 1947 2215; baseline 0 -13"><span class='ocrx_word' id='word_1_425' title='bbox 1241 2167 1354 2202; x_wconf 78' lang='lat' dir='ltr'>traxit</span> <span class='ocrx_word' id='word_1_426' title='bbox 1392 2166 1504 2215; x_wconf 88' lang='lat' dir='ltr'>ipsum</span> <span class='ocrx_word' id='word_1_427' title='bbox 1549 2168 1771 2214; x_wconf 73' lang='lat' dir='ltr'>Inciampare.</span> <span class='ocrx_word' id='word_1_428' title='bbox 1816 2170 1947 2204; x_wconf 89' lang='lat' dir='ltr'>Verum</span> 
     </span>
     <span class='ocr_line' id='line_1_87' title="bbox 1242 2218 1946 2265; baseline -0.003 -12"><span class='ocrx_word' id='word_1_429' title='bbox 1242 2219 1284 2253; x_wconf 86' lang='lat' dir='ltr'>ab</span> <span class='ocrx_word' id='word_1_430' title='bbox 1303 2218 1489 2265; x_wconf 75' lang='lat' dir='ltr'>Incespt&#39;rare</span> <span class='ocrx_word' id='word_1_431' title='bbox 1509 2218 1674 2254; x_wconf 79' lang='lat' dir='ltr'>manasset</span> <span class='ocrx_word' id='word_1_432' title='bbox 1694 2219 1853 2263; x_wconf 80' lang='lat' dir='ltr'>Incespare</span> <span class='ocrx_word' id='word_1_433' title='bbox 1878 2229 1946 2253; x_wconf 89' lang='lat' dir='ltr'>non</span> 
     </span>
     <span class='ocr_line' id='line_1_88' title="bbox 1241 2267 1947 2314; baseline 0.001 -10"><span class='ocrx_word' id='word_1_434' title='bbox 1241 2269 1457 2314; x_wconf 82' lang='lat' dir='ltr'>Inciampare.</span> <span class='ocrx_word' id='word_1_435' title='bbox 1493 2271 1540 2305; x_wconf 83' lang='lat' dir='ltr'>Et</span> <span class='ocrx_word' id='word_1_436' title='bbox 1567 2270 1608 2304; x_wconf 83' lang='lat' dir='ltr'>ad</span> <span class='ocrx_word' id='word_1_437' title='bbox 1637 2269 1806 2306; x_wconf 83' lang='lat' dir='ltr'>Latinum</span> <span class='ocrx_word' id='word_1_438' title='bbox 1841 2267 1947 2312; x_wconf 55' lang='lat' dir='ltr'>Incip-</span> 
     </span>
     <span class='ocr_line' id='line_1_89' title="bbox 1237 2318 1945 2369; baseline 0.001 -17"><span class='ocrx_word' id='word_1_439' title='bbox 1237 2329 1309 2365; x_wconf 74' lang='grc' dir='ltr'>ρο,</span> <span class='ocrx_word' id='word_1_440' title='bbox 1354 2319 1448 2369; x_wconf 90' lang='lat' dir='ltr'>quod</span> <span class='ocrx_word' id='word_1_441' title='bbox 1494 2320 1643 2361; x_wconf 86' lang='lat' dir='ltr'>attinet,</span> <span class='ocrx_word' id='word_1_442' title='bbox 1681 2319 1801 2356; x_wconf 81' lang='lat' dir='ltr'>Isidori</span> <span class='ocrx_word' id='word_1_443' title='bbox 1841 2318 1945 2353; x_wconf 80' lang='lat' dir='ltr'>verba</span> 
     </span>
     <span class='ocr_line' id='line_1_90' title="bbox 1241 2366 1944 2416; baseline -0.009 -9"><span class='ocrx_word' id='word_1_444' title='bbox 1241 2368 1342 2407; x_wconf 82' lang='lat' dir='ltr'>sunt:</span> <span class='ocrx_word' id='word_1_445' title='bbox 1372 2370 1537 2416; x_wconf 76' lang='lat' dir='ltr'>Incippat‚</span> <span class='ocrx_word' id='word_1_446' title='bbox 1565 2371 1705 2407; x_wconf 78' lang='lat' dir='ltr'>Illudit:</span> <span class='ocrx_word' id='word_1_447' title='bbox 1730 2380 1833 2416; x_wconf 88' lang='lat' dir='ltr'>quare</span> <span class='ocrx_word' id='word_1_448' title='bbox 1862 2366 1944 2402; x_wconf 88' lang='lat' dir='ltr'>Me-</span> 
     </span>
     <span class='ocr_line' id='line_1_91' title="bbox 1242 2416 1943 2467; baseline -0.003 -12"><span class='ocrx_word' id='word_1_449' title='bbox 1242 2420 1364 2467; x_wconf 85' lang='lat' dir='ltr'>nagius</span> <span class='ocrx_word' id='word_1_450' title='bbox 1391 2420 1539 2457; x_wconf 89' lang='lat' dir='ltr'>illudere</span> <span class='ocrx_word' id='word_1_451' title='bbox 1566 2421 1666 2457; x_wconf 88' lang='lat' dir='ltr'>nobis</span> <span class='ocrx_word' id='word_1_452' title='bbox 1694 2418 1832 2453; x_wconf 82' lang='lat' dir='ltr'>videtur</span> <span class='ocrx_word' id='word_1_453' title='bbox 1860 2416 1943 2453; x_wconf 83' lang='lat' dir='ltr'>haec</span> 
     </span>
     <span class='ocr_line' id='line_1_92' title="bbox 1241 2469 1944 2516; baseline -0.007 -10"><span class='ocrx_word' id='word_1_454' title='bbox 1241 2469 1418 2507; x_wconf 86' lang='lat' dir='ltr'>scribens:</span> <span class='ocrx_word' id='word_1_455' title='bbox 1449 2475 1502 2507; x_wconf 91' lang='lat' dir='ltr'>At</span> <span class='ocrx_word' id='word_1_456' title='bbox 1527 2472 1558 2506; x_wconf 85' lang='lat' dir='ltr'>is</span> <span class='ocrx_word' id='word_1_457' title='bbox 1584 2469 1656 2512; x_wconf 86' lang='lat' dir='ltr'>air,</span> <span class='ocrx_word' id='word_1_458' title='bbox 1693 2469 1878 2516; x_wconf 85' lang='lat' dir='ltr'>legendum</span> <span class='ocrx_word' id='word_1_459' title='bbox 1907 2480 1944 2502; x_wconf 85' lang='lat' dir='ltr'>a·</span> 
     </span>
     <span class='ocr_line' id='line_1_93' title="bbox 1242 2518 1942 2570; baseline -0.004 -13"><span class='ocrx_word' id='word_1_460' title='bbox 1242 2521 1310 2570; x_wconf 84' lang='lat' dir='ltr'>pud</span> <span class='ocrx_word' id='word_1_461' title='bbox 1340 2521 1502 2557; x_wconf 82' lang='lat' dir='ltr'>Isidorum</span> <span class='ocrx_word' id='word_1_462' title='bbox 1531 2519 1696 2565; x_wconf 74' lang='lat' dir='ltr'>Incippat,</span> <span class='ocrx_word' id='word_1_463' title='bbox 1723 2518 1850 2560; x_wconf 80' lang='lat' dir='ltr'>Illidit,</span> <span class='ocrx_word' id='word_1_464' title='bbox 1872 2530 1942 2554; x_wconf 85' lang='lat' dir='ltr'>non</span> 
     </span>
     <span class='ocr_line' id='line_1_94' title="bbox 1812 2572 1894 2604; baseline 0.012 -1"><span class='ocrx_word' id='word_1_465' title='bbox 1812 2572 1894 2604; x_wconf 73' lang='lat' dir='ltr'>vero</span> 
     </span>
    </p>
   </div>
  </div>
 </body>
</html>
