2169 3047
240 232 324 272 977

232 286 312 308 timu
336 300 344 308 .

232 324 385 362 Ρναεὶνε,
424 325 536 355 Ducem
571 320 606 365 se
643 322 789 365 praebere
823 322 938 360 alteri,

233 374 287 411 uti
316 370 520 408 petrarcha:

280 473 436 521 Scorgimi
459 473 495 509 al
520 472 647 520 miglior
669 476 794 521 guado.

233 576 366 611 Munus
403 582 518 610 autem
548 573 615 611 fuit
651 574 810 612 militum
844 588 940 623 prae-

233 625 409 662 diciorum
437 628 615 670 Deducere,
635 639 674 661 ac
698 626 825 661 Praeire
844 639 941 662 corn-

235 688 412 712 meatuum
442 676 660 712 veffioribus.
688 677 810 712 Altera
838 676 940 725 ligni·
971 685 973 689 ’

235 726 356 763 ficatio
392 726 459 762 fuit
488 728 629 770 Intueri,
656 737 717 763 aut
753 727 941 772 Perspice-re.

234 777 381 814 Scilicet
407 778 558 813 custodes
586 778 614 813 ii
643 778 776 814 milites
806 778 943 814 solicite

234 828 510 877 perspiciebant,
539 842 582 864 ne
610 829 717 864 hostes
744 830 777 864 8<
808 828 941 877 pericu-

236 880 270 915 la
297 880 511 915 commeatui
539 879 576 915 in
606 879 661 916 via
696 879 944 915 imminerent.

235 930 365 966 Eadem
387 931 523 966 ratione
547 944 589 966 ex
610 931 822 966 Germanico
848 933 942 965 War-

234 991 309 1024 ten‚
338 980 552 1029 significante
579 983 759 1026 custodire,
784 981 943 1017 efforma-

236 1041 316 1067 runt
355 1032 438 1068 Itali
479 1035 667 1077 Guardare,
704 1032 797 1081 quod
837 1044 945 1079 aeque

234 1081 408 1131 fignificat
433 1084 605 1128 Alpium,
633 1093 737 1131 atque
764 1082 944 1125 Custodire.

234 1133 361 1170 Latini
398 1147 536 1181 quoque
571 1134 742 1176 Observare
777 1132 944 1167 adhibue-

233 1193 316 1218 runt
342 1184 477 1228 duplici
505 1181 781 1229 significatione,
809 1181 946 1216 scilicet

233 1244 297 1280 pro
324 1230 472 1267 intentis
508 1231 621 1267 oculis
649 1233 790 1270 Intueri,
817 1232 851 1267 8<
878 1234 940 1266 Cu-

227 1282 364 1324 stodire.
385 1283 438 1316 At
464 1290 581 1326 petas,
600 1281 682 1326 quei
703 1281 854 1317 Tusciae
878 1284 944 1316 Po-

236 1331 337 1378 pulus
375 1330 558 1365 efformare
594 1328 750 1376 potuerit
785 1341 804 1364 e
838 1332 947 1364 Scorta

235 1384 398 1426 Scorgere.
427 1380 592 1414 Alterum
631 1381 775 1414 verbum
802 1378 848 1415 est
876 1381 943 1414 Ita·

235 1430 325 1466 licae
353 1431 514 1478 Linguae
545 1442 752 1473 commune,
780 1443 851 1478 quo
882 1429 945 1465 sci-

236 1481 321 1517 licet
342 1480 379 1517 ὅ(
407 1494 468 1516 nos
489 1480 682 1517 Lombardi
707 1481 859 1520 utimur,
881 1480 946 1516 hoc

237 1532 282 1568 est
317 1531 519 1579 Accorgerfi‚
556 1535 714 1575 Axona,
751 1530 946 1580 significans

236 1583 506 1619 Anima-umere
543 1583 599 1626 id,
627 1583 709 1629 quod
742 1593 836 1617 antea
865 1583 945 1617 late-

236 1630 312 1670 bat.
342 1633 397 1669 Ad
427 1634 499 1681 ejus
538 1631 804 1669 fimilitudinem
839 1632 946 1668 Tus.i

237 1684 425 1732 procudere
467 1693 657 1732 potuerunt
691 1687 858 1731 scorgere.
899 1686 944 1718 U-

237 1745 330 1770 trum
361 1748 443 1770 vero
474 1738 617 1781 Scorgere
643 1735 676 1769 δ(
704 1733 886 1781 ssscorgerfi
913 1748 945 1769 e-

239 1785 370 1834 jusdem
414 1785 480 1820 sint
515 1784 690 1833 originis,
727 1785 791 1820 alii
833 1785 947 1820 decer-

238 1846 349 1872 nant.
391 1835 489 1871 Mihi
536 1835 609 1871 veri
651 1834 792 1871 videtur
837 1834 948 1871 simile

238 1886 357 1934 (quod
387 1887 454 1934 jam
493 1895 572 1921 ante
602 1899 656 1921 me
689 1886 751 1922 alii
790 1885 868 1922 sunt
896 1900 947 1921 ar—

238 1937 392 1985 bitrati)
441 1936 622 1983 Accorgerst'
671 1936 861 1986 proceffiffe
908 1937 949 1971 ab

237 1987 445 2034 Adcorrigere
475 1987 528 2032 se.
566 1989 687 2033 Quum
724 2001 848 2034 nempe
883 1989 947 2023 ali—

239 2038 324 2085 quid
353 2038 548 2077 credimus,
576 2038 669 2086 quod
708 2038 818 2085 postea
845 2038 950 2074 aliter

239 2088 273 2124 se
301 2088 424 2124 habere
461 2088 797 2138 animadvertimus;
827 2098 886 2124 aut
914 2102 949 2124 a·

236 2138 354 2187 liquid
377 2149 476 2175 antea
497 2140 608 2175 latens
628 2139 844 2188 detegimus:
865 2149 949 2176 tunc

239 2190 390 2226 dicimus
426 2190 633 2237 asccorgersi‚
668 2190 751 2226 idest
791 2191 950 2236 Corrigere

234 2240 291 2287 se,
311 2239 380 2277 five
403 2253 555 2276 errorem
581 2241 866 2281 antecedentem,
889 2250 950 2276 aut

239 2291 511 2340 incogitantiam
541 2291 708 2328 nostram.
734 2293 890 2338 Etymon
918 2291 949 2327 i·

240 2341 312 2378 stud
335 2343 492 2378 Ferrario
518 2355 735 2389 nequaquam
764 2343 949 2390 probatur.

241 2393 348 2430 Nihil
374 2392 507 2437 obstat,
535 2394 723 2441 quominus
756 2393 829 2429 veri
857 2392 947 2429 fimi—

241 2442 430 2480 litudinem
467 2444 505 2480 in
539 2457 582 2479 eo
618 2457 680 2479 nos
719 2444 950 2492 reperiamus,

245 2494 404 2534 Contra,
441 2494 464 2529 si
500 2494 583 2542 quid
628 2494 757 2538 video,
794 2495 952 2531 Ferrario

245 2540 309 2594 ipsi
336 2556 439 2581 nemo
476 2545 697 2589 affentiatur,
723 2547 807 2584 dum
832 2549 952 2583 Accor-

294 2595 383 2630 Tom.
410 2597 469 2645 {slq
795 2595 802 2596 ἶ

520 210 708 254 ΒΙΞΕΞἩ
715 210 889 253 ΤΑΤᾹΟ
920 208 1261 253 ΊἯΙΒΕῊΙΜΑΪ
1270 207 1441 250 fflTIA
1453 239 1464 252 .

395 275 487 309 Nam
539 269 654 318 primo
701 269 939 317 fignificarunt
978 272 1012 306 A

1696 213 1749 254 ”8

1098 267 1181 316 gers?
1207 267 1249 302 ab
1273 269 1452 302 Adcernere
1479 267 1640 306 deducit.
1663 227 1752 306 {snt
1776 283 1814 306 e·

1102 321 1189 355 tiam
1211 317 1367 365 antiquis
1387 318 1535 354 Tusciae
1553 320 1788 369 Scriptoribus
1801 348 1812 367 ,

1104 379 1140 406 at
1172 382 1264 405 nunc
1300 368 1496 404 obsoletum
1534 370 1600 414 est,
1627 375 1752 417 Scorto,
1779 373 1812 408 i-

1104 421 1181 456 dem
1210 418 1406 468 significans
1436 429 1540 466 atque
1567 427 1719 463 Axona,
1746 422 1815 459 sci-

1104 471 1190 507 licet
1206 474 1336 518 Sagax,
1351 471 1497 506 Callida>
1513 497 1521 506 .
1543 472 1670 506 Uirum
1692 487 1710 508 a
1727 477 1815 508 Scor-

1101 536 1195 570 gere,
1219 535 1261 557 an
1288 522 1330 556 ab
1354 521 1555 569 Accorgerfi,
1579 520 1815 571 descenderit,

1107 573 1284 621 inquirere
1314 586 1385 609 non
1416 581 1535 609 vacat.

1056 628 1214 660 semare.
1249 627 1418 668 Adam-e,
1456 627 1616 668 Exurere,
1655 625 1815 669 Ustulare.

1110 677 1218 711 Verbi
1246 676 1346 724 hujus
1371 688 1439 710 non
1470 675 1638 716 memini,
1665 677 1758 724 quafi
1785 678 1819 714 i-

1108 737 1215 775 gnota
1243 726 1284 762 slL
1313 727 1411 762 illius
1447 726 1569 776 origo,
1598 740 1704 774 quum
1737 729 1819 776 qui-

1109 782 1190 825 lque
1217 777 1494 813 animadvertere
1526 777 1648 826 pessit,
1678 779 1719 814 ab
1748 783 1819 815 Ex-

1108 843 1217 876 ceqzro,
1244 830 1275 863 ἃ
1307 831 1476 864 Exceflum
1514 828 1703 876 processisse
1730 834 1820 865 Scot-

1108 890 1175 915 tarez
1209 880 1241 914 ἃ
1280 883 1447 922 ,ς”.οιωεος
1475 878 1530 915 sed
1568 892 1606 916 ut
1643 889 1818 928 repetam,

1109 930 1201 978 quod
1242 930 1336 976 sae-pe
1375 930 1633 973 animadverti,
1661 933 1819 980 Μῄονες

1108 981 1238 1017 nostros
1266 995 1284 1017 e
1312 981 1473 1030 Supinis‚
1502 992 1561 1017 aut
1597 995 1639 1017 cx
1671 983 1822 1019 Partiti-

1109 1032 1177 1080 piis
1206 1045 1296 1068 nova
1333 1033 1485 1068 eduxisse
1514 1033 1636 1068 verba.
1675 1033 1820 1069 Scilicet

1109 1083 1152 1117 ab
1180 1084 1332 1118 Excoffffm
1361 1093 1422 1119 aut
1449 1083 1491 1119 ab
1519 1084 1688 1118 Earsos-Yam
1716 1085 1821 1120 effor-

1109 1144 1250 1167 marunt
1266 1134 1435 1167 Exxflare
1447 1161 1456 1176 ,
1471 1138 1628 1168 Scottare.
1651 1133 1713 1181 lpfi
1731 1147 1822 1182 quo-

1109 1194 1176 1228 que
1196 1182 1321 1216 Latini
1342 1184 1384 1216 ab
1405 1183 1567 1216 Adimam
1589 1183 1721 1229 Supino
1743 1197 1822 1220 ver-

1110 1231 1146 1267 bi
1161 1232 1323 1276 adjuvo,
1340 1231 1605 1268 vetustiffimum
1627 1232 1723 1269 suum
1745 1236 1824 1270 ‚Ad-

1104 1281 1214 1327 jutare
1240 1291 1444 1325 traxerunt,
1473 1283 1563 1317 unde
1590 1283 1741 1319 nostrum
1766 1289 1823 1321 A·

1110 1331 1232 1366 iucare.
1269 1332 1357 1365 Sunt
1392 1331 1426 1365 &
1463 1330 1534 1366 alia
1570 1334 1751 1381 complura
1785 1348 1823 1371 e-

1109 1381 1271 1428 xempla.

1058 1435 1179 1467 Scotto.
1198 1432 1400 1478 Symbolum.
1423 1433 1579 1469 Pretium
1594 1461 1603 1478 ,
1624 1435 1717 1483 quod
1742 1437 1824 1485 qui-

1109 1482 1191 1530 sque
1213 1494 1274 1530 pro
1295 1484 1416 1518 Coena
1440 1484 1482 1519 ad
1503 1486 1702 1523 Tabernam
1729 1487 1824 1524 sum-

1109 1534 1144 1568 τέὶ
1167 1531 1298 1576 solvit,
1322 1533 1356 1567 8<
1382 1533 1454 1579 ipsa
1479 1535 1587 1571 etiam
1613 1535 1757 1575 Coena.
1783 1539 1822 1576 Si

1109 1582 1319 1631 Menagium
1349 1583 1604 1630 auscultamus,
1633 1600 1652 1622 a
1685 1589 1823 1625 Coac‘lus

1110 1634 1216 1681 (nam
1253 1636 1367 1680 Cogere
1398 1637 1562 1681 pecuniam
1598 1647 1732 1674 veteres
1767 1640 1824 1676 di-

1110 1684 1214 1731 xere)
1243 1693 1304 1719 aut
1339 1698 1358 1720 a
1387 1686 1600 1723 Germanico
1636 1689 1749 1734 schot,
1778 1690 1821 1726 ad

1110 1747 1174 1771 nos
1202 1735 1301 1770 venit
1322 1737 1569 1774 vocabulum.
1608 1738 1724 1776 Prima
1761 1741 1821 1776 de-

1110 1785 1243 1822 rivatio
1279 1785 1387 1822 nihili
1425 1786 1601 1826 facienda.
1639 1790 1697 1826 Ad
1732 1792 1822 1827 alte-

1110 1849 1184 1873 ram
1209 1836 1302 1884 quod
1329 1836 1480 1879 attinet,
1501 1839 1590 1877 mihi
1618 1841 1707 1888 apud
1733 1843 1822 1878 Ger-

1111 1900 1233 1923 manos
1271 1900 1342 1924 non
1383 1890 1537 1926 occurrit
1572 1893 1665 1928 ,schot
1704 1891 1822 1938 illud,

1111 1938 1166 1974 sed
1195 1937 1337 1986 quidem
1373 1941 1462 1987 apud
1490 1943 1629 1991 Anglos
1655 1943 1754 1987 Sim,
1781 1943 1821 1980 &

1110 1992 1201 2029 scot,
1228 1989 1281 2024 uti
1308 1989 1416 2026 etiam
1445 1993 1533 2041 apud
1558 1995 1681 2029 Gallos
1706 1994 1822 2039 Escot,

1111 2041 1144 2075 8<
1182 2039 1271 2088 apud
1308 2040 1484 2088 Hispanos
1519 2043 1654 2089 Estote,
1685 2045 1822 2080 eadem-

1111 2104 1178 2139 que
1222 2090 1502 2140 significatione,
1543 2107 1610 2141 qua
1653 2094 1821 2131 Italicum

1110 2145 1219 2189 Pagar
1244 2145 1274 2176 to
1300 2145 1420 2180 Scotto.
1451 2145 1526 2179 Nos
1554 2145 1597 2181 ab
1623 2144 1669 2181 iis
1697 2145 1823 2181 fortas-

1110 2191 1144 2227 se
1184 2190 1396 2231 didicimus.
1441 2195 1549 2231 Porro
1591 2195 1822 2244 perpendatur

1111 2242 1243 2286 velim,
1271 2255 1354 2278 num
1388 2256 1452 2279 nos
1479 2243 1518 2280 &
1545 2245 1603 2281 illi
1641 2259 1659 2282 e
1686 2246 1819 2283 Latino

1110 2297 1219 2340 Quot,
1247 2294 1303 2329 vel
1332 2298 1492 2340 Quorum,
1521 2297 1578 2331 vel
1615 2300 1742 2344 Quota,
1770 2297 1822 2334 ef-

1110 2343 1269 2380 formasse
1306 2346 1521 2392 potuerimus
1551 2346 1644 2382 hanc
1673 2361 1818 2392 vocem,

1110 2394 1303 2444 praeposito
1343 2398 1419 2438 Ex,
1463 2397 1661 2445 compendii
1707 2398 1821 2434 caussa

1110 2445 1277 2484 converso
1300 2458 1361 2493 pro
1383 2459 1479 2483 more
1499 2447 1535 2484 in
1558 2452 1593 2485 S.
1618 2451 1708 2486 Nam
1732 2449 1820 2497 post-

1109 2510 1212 2545 quam
1243 2497 1472 2534 convivantes
1501 2498 1605 2536 saturi
1634 2512 1652 2535 e
1677 2500 1833 2536 taberna

1109 2557 1208 2587 erant
1232 2546 1390 2584 receffuri
1402 2571 1413 2588 ,
1436 2550 1705 2598 computabatur
1728 2554 1819 2597 ,Quo-

1175 2599 1311 2647 Q‘i‘i
1734 2610 1770 2638 ἀ
