2169 3047
381 245 463 285 203
644 222 1383 284 ANTIQUJT.MED11
1435 222 1628 267 AEVJ
1806 240 1890 280 204

322 290 424 324 variae
443 313 451 327 ‚
489 288 532 321 (9¹
557 287 633 321 duos
662 286 841 330 Veronenses
871 289 903 320 in
933 287 994 319 loco
1021 283 1081 318 Fi-

318 339 425 387 garoli
451 340 490 372 de
514 337 612 381 fundo
639 339 734 372 navis
755 337 876 382 [insum
905 336 1082 371 venientis.

321 392 437 426 ‚Aliter
463 390 564 424 nichil
590 389 716 435 penitus
743 389 924 432 accipiant,
952 400 1004 421 nec
1031 399 1078 419 ac-

323 441 420 488 cipere
444 442 631 487 permittant
656 439 766 485 aliqua
792 437 940 479 occasione
971 438 1078 479 bestia—

322 505 413 530 rum,
436 492 490 535 seu
510 491 646 525 aliarum
666 502 765 523 rerum
788 489 842 522 vel
865 489 1082 535 personarum.

325 542 436 577 Liceat
465 552 568 576 tamen
603 540 646 573 eis
675 540 808 586 accipere
843 551 903 572 tres
931 539 1082 585 Imperia-

323 593 368 626 les
403 595 440 626 de
476 592 576 624 modio
611 590 699 624 Salis
732 600 788 635 pro
823 589 1014 628 Communi,
1042 589 1084 622 Θ·

318 643 472 688 sexdecim
497 641 671 686 Imperiales
692 641 731 674 de
753 649 872 674 centum
897 639 1008 673 modiis
1031 649 1085 683 pro

323 692 483 735 Ecclesia,
505 693 547 725 (9⁶
568 704 626 724 non
645 692 735 736 plus.
764 692 840 724 Item
859 690 984 724 dabunt
1004 691 1083 723 Fer-

324 742 475 785 ram'enses
504 743 609 776 Salem
637 741 831 776 Mantuanis
869 740 928 776 illa
964 740 1081 783 mensu-

324 806 387 832 ra,
415 807 477 839 qua
509 791 599 839 paffli
630 794 708 836 Junt
734 793 810 826 dare
840 789 1084 834 Veronensibus,

324 845 369 878 (9⁶
388 857 454 878 cum
474 856 574 878 canna
593 843 727 876 rotunda
743 841 916 885 mensurare
931 843 1084 879 debeant,

324 893 372 932 ἐφ
399 899 451 929 boe
475 904 620 940 perpetuo
646 893 878 936 observabunt.
910 894 956 926 Et
983 895 1084 925 eodem

324 946 413 980 modo
449 944 605 988 incipiant
631 943 751 977 trahere
777 941 824 979 θ’
853 944 984 977 trabant
1010 955 1082 976 can-

325 1009 400 1031 nam
426 998 592 1029 rotundam
610 1017 620 1033 ,
651 994 907 1040 quemadmodum
936 993 1085 1037 subtilem

323 1047 491 1081 trabebant
509 1043 714 1090 .Affa¹<atores
729 1070 737 1079 .
766 1046 841 1079 Item
860 1043 986 1088 faciant
1007 1046 1084 1076 Per-

323 1097 475 1140 rarienses
493 1110 590 1129 unum
612 1094 746 1136 starium
765 1094 885 1140 lapidis
906 1093 1013 1135 nostris
1032 1107 1084 1127 ex-

322 1146 447 1191 pensis,
475 1145 522 1185 &³
549 1146 648 1193 ipsum
674 1155 794 1190 ponant
821 1144 854 1178 in
881 1144 943 1178 loco
970 1146 1086 1179 Ferra-

325 1198 419 1241 riae,
458 1197 490 1231 in
517 1209 576 1244 quo
612 1196 700 1230 nobis
732 1195 893 1240 placebit,
930 1196 973 1230 ad
999 1208 1086 1242 quem

323 1250 489 1284 debeamus
505 1257 655 1294 temptare
671 1243 717 1284 εἴφ’
734 1246 903 1293 atemplare
917 1259 984 1280 cum
1002 1259 1085 1279 men—

322 1299 358 1344 se
384 1299 579 1344 mensuram,
605 1310 699 1344 quam
725 1298 814 1333 nobis
838 1298 975 1332 debent.
1010 1298 1087 1331 Item

323 1350 447 1393 faciant
468 1349 541 1394 suos
558 1347 765 1394 Affazatores
785 1346 895 1392 jurare
920 1346 1005 1380 omni
1027 1361 1086 1381 an-

326 1414 366 1435 no
389 1404 466 1435 dare
494 1399 583 1434 nobis
613 1400 686 1433 bene
713 1398 863 1432 rationem
892 1398 1024 1438 nostram
1054 1397 1087 1431 in

325 1451 481 1497 presentia
499 1449 693 1486 Consulum
717 1447 958 1483 Mercatorum
982 1448 1087 1482 Man-

326 1511 428 1544 tuae,
452 1502 507 1536 vel
530 1514 632 1535 eorum
654 1500 796 1538 Nuntii,
817 1497 850 1538 fi
875 1495 1012 1543 inter-effe
1030 1510 1087 1531 vo-

325 1553 469 1588 luerint.
506 1553 584 1586 Item
611 1560 647 1584 ut
675 1563 734 1583 non
762 1550 905 1584 vendant
936 1561 987 1582 nec
1012 1549 1089 1582 dent

325 1604 415 1637 nobis
440 1603 547 1637 Salem
573 1613 640 1636 cum
670 1601 754 1645 sorte
788 1612 841 1633 nec
866 1599 935 1643 ejus
959 1597 1088 1639 simili,

325 1666 422 1698 neque
448 1666 515 1686 cum
542 1654 680 1699 Baguga
694 1674 704 1690 ‚
735 1664 788 1685 nec
813 1649 881 1688 eius
902 1648 1006 1690 simili
1033 1660 1090 1696 pro

326 1704 479 1737 communi
504 1716 601 1749 neque
627 1713 681 1746 pro
706 1701 836 1746 diviso.
874 1703 920 1734 Et
947 1713 1007 1734 non
1033 1701 1090 1734 de-

326 1756 420 1788 beant
446 1763 548 1787 tenere
570 1753 682 1794 sortem
708 1765 805 1798 neque
825 1754 994 1797 Bagugam
1020 1763 1089 1784 con-

326 1814 377 1837 tra
405 1816 478 1838 nos.
507 1806 553 1836 Et
573 1802 605 1843 fi
627 1803 734 1848 aliquo
757 1812 892 1845 tempore
913 1801 1015 1844 suerit
1041 1813 1088 1833 re-

324 1864 415 1900 perta
436 1880 446 1897 ,
483 1854 583 1898 ipsam
614 1863 752 1898 rumpere
787 1861 974 1885 teneantur.
1011 1853 1089 1885 Item

324 1903 463 1939 debeant
479 1905 555 1939 dare
577 1903 620 1937 (9-
638 1902 800 1948 delignare
819 1900 1007 1946 Pellipariis
1019 1901 1086 1942 sta·

327 1955 427 1989 tiones
451 1954 497 1988 eis
525 1951 709 1998 lufficientes
736 1966 756 1986 a
781 1951 940 1996 frontibus
963 1951 1089 1995 suorum

326 2005 573 2051 Pellipariorum
615 2003 658 2039 ad
699 2002 816 2038 ambas
857 2001 930 2037 suas
971 2001 1088 2036 Ferias

326 2057 425 2091 omni
452 2068 575 2099 anno,
607 2055 775 2099 seeundum
810 2054 892 2100 quod
926 2052 1088 2095 consueve-

329 2117 405 2140 runt
430 2108 539 2140 habere
554 2119 574 2148 ‚·
607 2107 653 2139 θ
679 2105 785 2139 ceteris
812 2102 921 2144 nostris
955 2101 1089 2138 Parati—

329 2156 378 2191 cis
403 2156 568 2199 secunaum
591 2157 681 2200 suum
708 2155 845 2189 ordinem
856 2168 877 2196 ,·
899 2153 945 2191 ἔφ’
967 2153 1088 2201 specia-

327 2207 402 2240 liter
438 2206 602 2250 Draperiis
620 2234 630 2249 ‚
669 2207 726 2252 qui
764 2207 908 2239 vendant
948 2215 1090 2249 pannum

327 2257 433 2291 coloris
461 2259 493 2290 in
522 2256 599 2291 bina
626 2257 869 2291 Lombardorum
900 2256 987 2299 apud
1014 2257 1088 2288 Me-

325 2308 539 2349 diolanenses.
568 2310 633 2341 Nec
658 2308 785 2354 aliquid
805 2308 846 2341 ab
864 2306 908 2339 cis
934 2305 1089 2351 accipiant

325 2362 365 2393 de
387 2357 528 2400 floram,
553 2357 615 2398 nisi
640 2362 716 2392 duos
743 2356 946 2401 Impwides,
971 2367 1088 2403 ponen-

328 2413 367 2444 clo
399 2409 578 2442 Mantuani
605 2407 816 2453 hedificium:
849 2407 992 2454 alioquin
1022 2407 1089 2451 sol-

328 2469 411 2494 vant
448 2470 571 2494 tantum
606 2469 758 2505 quantum
788 2458 1002 2501 Ferrarienses
1034 2467 1090 2491 aut

332 2511 391 2544 alii
408 2512 611 2555 negotiatores
628 2509 854 2546 Lombardtae.
876 2510 923 2542 Et
945 2507 1011 2543 hoc
1031 2508 1089 2542 de-

328 2562 412 2600 bent
438 2562 617 2597 attendere
645 2571 716 2597 tam
743 2561 780 2597 in
805 2558 971 2596 omnibus
993 2559 1091 2595 Mer·

1124 288 1156 322 A
1191 282 1278 317 catis
1305 282 1511 319 annualibus
1539 283 1590 319 sui
1618 281 1810 324 diſtriEhw,
1841 285 1946 331 quhm

1191 332 1226 367 in
1249 334 1359 369 Feriis
1380 332 1574 370 Civitatis.
1602 336 1782 370 Praeterea
1804 335 1949 382 permit-

1192 393 1269 419 tant
1308 385 1472 420 omnibus
1508 384 1710 421 volentibus
1747 387 1867 421 venire
1908 384 1950 421 ad

1193 434 1318 471 nostras
1355 436 1498 477 Perias,
1533 437 1567 472 &
1604 449 1667 472 nos
1706 437 1950 485 permittemus

1192 486 1355 522 omnibus
1382 487 1434 522 ire
1461 487 1502 523 ad
1531 488 1604 523 suas
1622 514 1632 530 ‚
1666 487 1787 523 nostris
1815 488 1951 524 scilicet

1193 535 1327 577 finitis,
1355 537 1420 572 hoc
1448 537 1554 572 modo
1579 538 1672 585 quod
1695 538 1751 573 die
1776 537 1950 575 Mercurii

1193 586 1230 621 in
1261 586 1334 622 sero
1363 598 1443 623 ante
1473 588 1700 623 Dominicam
1737 589 1864 624 Lazari
1892 588 1952 624 de-

1194 646 1250 672 tur
1286 637 1432 674 licentia
1472 637 1611 686 publice
1648 651 1707 684 per
1746 651 1950 686 praeconem

1193 688 1358 723 omnibus
1389 688 1563 724 extraneis
1591 687 1793 725 volentibus
1830 689 1880 725 ire
1909 689 1952 724 ad

1196 738 1310 774 Ferias
1340 738 1539 788 Ferrariae3
1576 740 1609 774 8<
1637 750 1763 786 quarto
1790 740 1847 775 die
1880 739 1952 788 post

1195 788 1328 824 Festum
1356 789 1528 825 Omnium
1557 790 1765 825 sanstorum
1791 789 1952 826 fimiliter

1195 839 1296 875 detur
1317 840 1462 876 licentia
1482 840 1520 875 in
1542 839 1641 881 foro,
1670 850 1709 876 ut
1728 840 1863 877 difflum
1888 841 1953 877 est.

1195 893 1243 924 Et
1271 901 1307 925 ut
1333 903 1434 925 omnes
1460 890 1596 924 homines
1622 892 1788 927 Ferrariae
1812 891 1858 930 &¹
1885 892 1955 937 ejus
1988 896 1992 900 '

1195 939 1358 984 distriHus
1391 940 1501 987 jurent
1529 945 1687 976 attendere
1714 941 1756 975 Θ·
1790 942 1954 987 observare

1195 992 1249 1026 hoc
1271 1002 1367 1026 totum
1387 1002 1444 1039 pro
1463 991 1629 1026 Communi
1648 992 1814 1028 Ferrariae
1838 993 1878 1026 Θ
1899 993 1954 1027 dr·

1196 1043 1265 1086 viso
1281 1068 1290 1077 .
1327 1045 1404 1076 Item
1430 1041 1565 1076 debeant
1600 1042 1760 1077 inimicare
1787 1044 1927 1089 Reginos
1944 1069 1954 1086 ,

1189 1092 1286 1134 sicuti
1313 1105 1366 1126 nos
1394 1092 1474 1137 ipsos
1501 1092 1696 1126 inimicamus
1713 1120 1723 1136 ,
1756 1092 1803 1131 ὅ)
1830 1107 1876 1127 eos
1903 1107 1955 1128 ca-

1195 1154 1286 1188 pere,
1313 1155 1366 1177 nee
1391 1155 1439 1176 eos
1459 1141 1529 1183 line
1553 1143 1654 1185 nostra
1679 1143 1806 1178 licentia
1832 1144 1957 1178 relaxa-

1120 1189 1175 1244 ,Εἰ
1197 1207 1249 1237 re,
1270 1192 1315 1232 ψ’
1341 1193 1386 1227 eis
1408 1191 1571 1240 probibere
1590 1193 1650 1226 iter
1670 1204 1726 1240 per
1748 1203 1845 1228 totam
1866 1194 1956 1237 suam

1198 1244 1394 1283 Civitatem,
1415 1244 1461 1282 ἔφ’
1484 1242 1682 1286 districflum.
1711 1245 1796 1279 Idem
1822 1245 1955 1278 dicimus

1197 1296 1235 1329 de
1261 1296 1403 1328 omnibus
1431 1294 1592 1334 inimicis,
1628 1307 1702 1341 quos
1729 1296 1874 1330 habemus
1901 1294 1956 1329 vel

1197 1345 1380 1380 habebimus
1391 1369 1401 1385 ‚
1416 1346 1471 1392 qui
1485 1344 1638 1388 nobiscum
1658 1344 1816 1390 confinant
1829 1373 1838 1389 ,
1854 1358 1957 1393 quan-

1198 1397 1237 1430 do
1259 1410 1280 1430 a
1307 1395 1393 1430 nobis
1419 1397 1464 1430 eis
1487 1396 1585 1440 fuerit
1610 1397 1851 1431 denuntiatum.
1879 1398 1958 1431 Item

1198 1456 1234 1480 ut
1253 1459 1353 1479 omnes
1379 1447 1515 1480 homines
1543 1448 1640 1488 nostre
1665 1447 1825 1480 Civitatis
1844 1447 1884 1480 (9
1904 1448 1960 1480 di·

1190 1495 1325 1538 strictus
1351 1506 1456 1529 euntes
1483 1494 1525 1533 ὠ
1557 1499 1744 1541 redeuntes,
1767 1495 1889 1538 flantes
1905 1506 1961 1543 per

1193 1546 1286 1591 suam
1311 1545 1489 1580 Civitatem
1507 1573 1516 1590 ‚
1553 1545 1777 1592 Episcopatum
1793 1573 1803 1590 ‚
1832 1545 1878 1584 &⁶
1905 1546 1961 1582 di-

1192 1596 1338 1639 striHum
1354 1623 1364 1641 ,
1394 1607 1449 1641 per
1474 1610 1589 1644 aquam
1615 1595 1662 1635 (ἐν
1690 1607 1804 1632 terram
1827 1597 1960 1641 salven-

1135 1643 1180 1684 DY
1199 1658 1252 1682 tur
1277 1646 1325 1685 &²
1351 1647 1562 1690 custodiantur
1587 1649 1628 1682 ab
1652 1647 1797 1682 omnibus
1822 1647 1962 1682 homini-

1201 1697 1259 1732 bus
1285 1697 1329 1731 (9³
1353 1699 1397 1732 ab
1432 1699 1444 1730 i
1461 1698 1504 1738 fis
1533 1698 1785 1739 Ferrarienstbus
1799 1711 1821 1741 ;
1856 1699 1898 1732 Θ·
1927 1697 1961 1732 in

1200 1747 1274 1782 aliis
1301 1747 1375 1780 locis
1408 1747 1467 1792 ipfi
1493 1748 1706 1790 ferrarienses
1742 1761 1801 1781 non
1828 1749 1963 1782 debeant

1200 1797 1353 1843 offendere
1380 1799 1601 1832 Mantuanos.
1630 1799 1678 1831 Et
1698 1797 1730 1838 si
1755 1795 1847 1843 effent
1872 1798 1962 1831 dero-

1201 1848 1270 1883 bati
1297 1847 1488 1885 ferrariae,
1524 1857 1582 1881 aut
1611 1847 1643 1880 in
1672 1847 1741 1891 ejus
1768 1847 1963 1895 Episcopatu

1200 1899 1254 1932 vel
1272 1897 1416 1939 distrittu
1443 1897 1536 1944 usque
1561 1899 1606 1933 ad
1633 1898 1754 1932 Vallem
1774 1899 1961 1942 Clusuriae,

1200 1949 1244 1982 (5¹
1264 1961 1358 1982 unum
1379 1948 1551 1982 miliarium
1571 1949 1677 1988 ultra,
1698 1959 1862 1983 teneantur
1882 1951 1962 1984 Fer-

1203 2000 1352 2042 rarienjes
1376 1999 1478 2043 faeere
1506 2003 1667 2034 emendare
1694 2001 1888 2034 Mantuanis
1919 1999 1963 2033 il-

1203 2051 1248 2083 los
1266 2076 1275 2092 ‚
1302 2049 1357 2095 qui
1382 2050 1434 2083 hoc
1456 2049 1588 2093 fecerint
1604 2074 1612 2086 ‚
1643 2049 1675 2091 fi
1700 2050 1886 2094 potuerint,
1915 2061 1964 2084 to-

1180 2113 1182 2125 *
1204 2110 1270 2134 tum
1295 2100 1348 2134 boc
1362 2124 1372 2140 ‚
1409 2101 1491 2146 quod
1518 2100 1561 2134 eis
1586 2101 1687 2144 fuerit
1712 2101 1855 2136 ablatum
1870 2114 1890 2143 ;
1925 2115 1963 2135 a·-

1204 2151 1324 2198 lioquin
1351 2154 1389 2185 de
1414 2153 1579 2184 Communi
1607 2153 1799 2195 Ferrariae,
1835 2152 1890 2186 vel
1918 2151 1963 2185 il-

1203 2202 1267 2236 lius
1295 2201 1424 2240 Villae,
1462 2202 1495 2235 in
1522 2201 1608 2243 cuius
1635 2202 1790 2236 territorio
1816 2202 1962 2248 reperire-

1204 2263 1275 2296 tur,
1298 2252 1350 2286 hoe
1375 2252 1481 2286 ac7t÷m
1499 2251 1610 2299 sutffe.
1640 2255 1686 2287 Et
1707 2252 1738 2294 fi
1761 2251 1854 2299 effent
1874 2252 1962 2285 ultra

1204 2303 1326 2339 abillo
1353 2303 1490 2337 miliario
1515 2305 1601 2348 capti
1626 2303 1681 2337 vel
1705 2303 1850 2338 derolmti
1863 2325 1873 2340 ‚
1909 2302 1962 2335 bo-

1206 2356 1248 2388 na
1276 2354 1346 2398 fide
1379 2355 1503 2388 dabunt
1536 2365 1658 2404 operam
1691 2356 1831 2387 omnibus
1864 2350 1963 2386 modis

1204 2408 1249 2440 ad
1283 2406 1381 2451 ipsam
1419 2407 1659 2448 recuperandam
1678 2430 1688 2447 ,
1722 2402 1816 2444 sicuti
1849 2403 1962 2437 darent

1203 2467 1259 2503 pro
1280 2455 1551 2496 ferrarienfibus.
1578 2458 1656 2490 Item
1681 2462 1717 2486 ut
1735 2453 1820 2487 alius
1845 2462 1902 2496 pro
1924 2466 1962 2486 a-

1207 2507 1249 2540 lio
1275 2518 1334 2540 non
1362 2508 1566 2540 conveniatur
1592 2517 1644 2537 nec
1671 2503 1884 2550 impediatur,
1908 2503 1963 2547 sed

1206 2557 1256 2591 cm·
1280 2562 1402 2599 datur,
1436 2556 1478 2590 ab
1502 2567 1536 2589 eo
1564 2555 1739 2601 requiratur
1755 2580 1762 2588 .
1800 2555 1876 2588 Item
1908 2553 1964 2597 fa-

1822 2613 1909 2638 ciant
