2169 3047
311 222 335 249 Θ

272 222 363 300 Ιίωρ
384 262 525 300 Gallico
553 263 725 298 vocabulo
756 265 914 311 analogia
944 278 978 300 a·
1028 267 1055 300 A

271 316 369 363 liqua
405 315 450 350 est
479 326 557 348 cum
595 312 709 348 nostro
746 317 878 350 Panna.
917 316 978 350 Sed

271 366 305 401 ἃ
334 363 441 400 Tusci
468 363 678 398 recentiores
715 367 825 398 Panno
861 365 979 401 dixere

263 412 457 461 Juperfisiem
487 414 584 456 Vmi,
612 414 644 449 8(
683 415 831 450 aliorum
861 417 976 463 liquo-

270 476 368 500 rum.
392 462 554 499 Fortaffis
577 478 594 499 a
617 465 717 500 nobis
745 478 865 500 vocem
892 467 979 501 hanc

269 513 437 550 sumsere:
470 514 524 549 seu
555 515 670 562 potius
699 529 760 551 nos
786 514 823 551 ἃ.
852 517 908 551 illi
937 531 978 552 ex

269 565 405 601 Latino
447 568 577 599 Pannus
594 593 604 610 ,
646 565 738 613 quali
784 566 978 615 superficies

269 614 437 663 pinguior
457 615 600 658 Laffiis,
621 617 730 651 Parmi
754 615 900 664 speciem
927 632 976 654 re—

271 664 378 701 ferat.
406 665 460 701 lta
487 670 688 712 ,Appannare
715 667 848 702 dietum
883 668 977 704 vide-

270 725 349 759 tur,
377 729 416 751 ac
443 715 466 750 fi
494 720 626 752 Pannus
661 717 848 753 inducatur
874 719 911 754 in
939 732 978 754 o·
1028 716 1054 750 Β

269 767 392 802 culos.
777 766 784 772 ’

216 818 437 864 Pappagatlo.
477 817 649 858 Psittacus.
687 818 819 854 Uliffes
847 819 977 855 Aldro-

269 869 426 908 vardus,
465 869 609 904 celebris
650 869 904 917 Philosophus,
941 870 978 905 in

267 918 543 967 Ornithologiae
580 921 691 955 Libro
730 922 791 955 XI.
828 923 916 968 Cap.
952 922 976 955 Ι.

267 969 520 1009 considerandum
542 970 723 1018 proposuit
742 973 894 1017 numquid
913 974 977 1006 Pa-

264 1020 415 1066 pagallus
440 1024 486 1054 ita
508 1022 605 1067 vulgo
627 1020 734 1054 aicJus
753 1021 875 1065 suerit,
896 1032 976 1056 tam-

267 1083 360 1116 quam
387 1071 501 1104 Gallus
520 1074 632 1117 Papa,
656 1071 732 1113 idest
755 1073 888 1117 dignum
910 1075 975 1105 Pa-

262 1122 309 1166 pa*
335 1134 475 1161 munus,·
500 1134 542 1153 an
577 1121 682 1164 potius
717 1130 876 1165 tamquam
910 1124 968 1155 Pa-

261 1180 327 1212 pa,
352 1169 429 1209 idest
451 1170 614 1213 princeps,
634 1169 690 1211 seu
714 1169 835 1213 primus
862 1171 975 1204 Gallus
1018 1163 1050 1199 C

263 1218 347 1252 inter
383 1218 518 1264 reliquas
545 1231 640 1253 aves.
678 1218 865 1267 Menagius
900 1220 975 1256 exi·

264 1268 377 1303 mium
424 1267 490 1302 hoc
529 1271 703 1313 Etymon‚
742 1271 975 1306 Aldrovando

263 1325 383 1352 tamen
410 1317 614 1362 neutiquam
645 1329 862 1360 memorato,
889 1320 970 1354 arri*

265 1366 366 1416 puit,
392 1365 559 1412 suumque
587 1365 690 1401 fecit.
718 1366 898 1414 Postquam
928 1368 974 1403 ri-

263 1416 304 1451 fit
345 1415 576 1452 sansovinurn
614 1430 632 1452 a
661 1420 769 1464 Papae
804 1418 964 1454 deducen

264 1477 337 1502 tem
375 1468 461 1502 hanc
499 1480 644 1507 vocem,
678 1467 862 1515 imperiose
900 1469 972 1504 ait:

266 1519 361 1552 Visne
385 1518 587 1564 Pappagallo
612 1519 654 1552 da
677 1521 769 1564 Papa
792 1532 807 1552 e
831 1520 874 1554 da
893 1520 970 1554 Gal-

220 1574 223 1575 ’
264 1569 316 1611 lo,
343 1581 421 1602 come
441 1568 476 1612 Je
498 1568 528 1609 fi
553 1567 659 1613 diceffe
694 1582 736 1602 un
762 1571 858 1615 padre
893 1571 973 1604 Gal-

263 1618 315 1658 Io,
342 1631 384 1652 un
421 1620 548 1661 maessro
584 1620 701 1654 Gallo.
739 1621 861 1667 Apage
897 1620 971 1655 ine·
1018 1612 1048 1643 D

262 1668 375 1717 ptias.
404 1670 503 1704 Mera
540 1668 623 1705 haec
651 1669 782 1705 somnia
821 1669 899 1706 sunt
927 1673 968 1706 E-

263 1719 564 1767 tymologistarum
583 1746 592 1755 .
640 1720 744 1755 Nihil
785 1721 878 1756 enim
922 1721 970 1756 rei

262 1769 306 1805 est
338 1771 447 1814 Papae
473 1771 507 1805 8<
535 1771 641 1805 Gallo
675 1783 752 1805 cum
793 1770 970 1807 Pfittacis.

260 1819 367 1865 Quod
395 1818 433 1856 &
460 1834 502 1856 ex
532 1820 611 1855 aliis
642 1820 792 1868 Linguis
821 1821 970 1857 ediscas.

259 1872 355 1907 Nam
377 1870 578 1907 Covaruvia
604 1870 684 1906 teste
710 1870 862 1919 Hispani
885 1872 968 1908 Pfit-

260 1929 379 1956 tacum
406 1922 584 1966 appellant
610 1925 804 1969 Pupagayo,
830 1922 889 1958 ubi
918 1923 967 1958 vi-

261 1971 320 2007 des
357 1971 557 2007 evanescere
596 1973 709 2008 Gallo.
746 1975 792 2007 Et
827 1974 969 2008 Gallice

261 2021 337 2057 avis
375 2021 491 2057 eadem
533 2021 664 2058 dicitur
705 2026 895 2070 Perroquet,
935 2025 967 2058 8<

259 2071 348 2107 olim
378 2073 595 2119 Pappeguais.
634 2074 673 2107 In
704 2073 842 2109 Arresto
871 2074 968 2109 Anni
1018 2065 1045 2099 E

259 2121 390 2158 Christi
418 2124 660 2159 MCCCXXI.
688 2123 768 2159 teste
797 2126 965 2160 Du-Can-

259 2173 320 2222 gio
338 2183 657 2209 commemorantur
678 2176 875 2221 Papegala'i.
893 2178 967 2210 An-

259 2223 310 2272 gli
337 2224 461 2259 dicunt
489 2224 668 2271 Popinjay,
698 2225 825 2260 Poloni
858 2229 968 2271 Papu-

256 2288 300 2321 ga
335 2273 408 2312 &a
449 2274 571 2321 Itaque
607 2287 719 2310 meam
759 2275 965 2324 opinionem

260 2325 398 2372 accipe.
423 2326 575 2360 Arabica
597 2338 666 2360 vox
692 2325 737 2360 est
761 2329 939 2373 Papagallo
952 2340 971 2370 ‚-

260 2386 385 2422 nempe
423 2379 557 2422 Baba-ga
593 2376 636 2411 ab
666 2375 842 2412 Arabibus
880 2390 967 2413 nun—

262 2435 408 2470 cupatur
446 2426 637 2461 Psittacus:
676 2427 768 2474 quod
809 2427 913 2475 presse
949 2442 968 2463 a

263 2474 363 2509 nobis
381 2479 641 2523 pronuntiatum
655 2502 664 2516 ‚
679 2477 880 2513 conversum
900 2477 969 2514 fuit

261 2522 302 2561 in
327 2527 483 2573 Papaga,
511 2539 550 2562 ac
577 2527 701 2564 deinde
736 2527 774 2564 in
801 2529 966 2576 Papagal-

560 202 927 247 DISSERTATJO
959 203 1499 250 TRIGESJMAYERTJA:

993 2502 1000 2552 ε
1046 2438 1058 2577 1

1709 226 1798 263 910

1149 264 1208 305 l0;
1233 264 1265 298 δε
1304 263 1346 298 ab
1386 264 1552 312 Hispanis
1588 267 1624 302 in
1658 270 1857 316 Papagayo,

1149 313 1187 349 ἃ
1224 327 1243 348 a
1276 316 1418 350 Graecis
1456 316 1680 363 posteriorum
1719 329 1857 369 tempo-

1149 386 1225 409 rum
1253 370 1482 422 Παπαγοις,
1512 375 1580 411 five
1605 381 1774 427 Papagdt,
1803 385 1857 420 Α-

1148 425 1245 459 rabes
1272 425 1359 459 olim
1390 427 1460 460 late
1486 425 1729 471 dominantes,
1758 433 1856 470 hasce

1148 487 1228 509 aves
1255 475 1293 510 in
1321 477 1495 520 Europam
1525 478 1785 525 importabant,
1812 483 1856 518 si-

1148 527 1291 573 mulque
1327 524 1366 561 &
1397 526 1482 562 istud
1520 527 1756 576 importavere
1792 546 1856 569 no-

1148 589 1248 612 men.
1287 578 1423 612 Navem
1457 580 1667 625 appellatam
1706 585 1858 630 Papaga-

1140 627 1223 667 stum
1251 637 1449 663 memorant
1474 631 1630 665 Annales
1657 633 1856 670 Genuenses

1146 677 1276 713 (jaffari
1303 678 1344 712 ad
1370 680 1512 714 Annum
1540 681 1670 717 Christi
1696 685 1856 723 MCCV.

1148 729 1251 763 Nunc
1267 729 1459 764 diceremus
1475 731 1508 765 la
1524 734 1620 765 Nave
1633 736 1855 781 Pappagallo.

1094 783 1209 815 Pareo.
1237 782 1386 823 septum.
1416 782 1498 815 Non
1523 794 1541 816 a
1565 784 1665 816 Palus
1694 786 1789 826 Pali,
1816 795 1858 823 ut

1146 831 1321 865 Ferrarius
1349 830 1504 875 censuit,
1532 831 1586 867 sed
1615 847 1633 869 a
1660 838 1739 869 Parc
1766 835 1856 872 Cel-

1144 881 1236 922 tica¹
1265 879 1333 915 five
1369 883 1579 918 Germanica
1610 897 1697 921 voce
1735 896 1856 934 peten-

1144 930 1226 964 dum
1257 931 1322 965 hoc
1351 944 1498 968 nomen.
1530 935 1567 968 In
1604 937 1855 983 Ripuaiiorum

1144 981 1298 1028 Legibus
1344 983 1580 1020 vetustiffimis
1623 988 1740 1021 eadem
1783 1001 1855 1025 vox

1143 1034 1319 1075 occurrit,
1348 1033 1535 1081 eademque
1575 1045 1721 1072 utuntur
1759 1051 1856 1084 prae-

1142 1089 1196 1115 ter
1233 1084 1340 1118 Italos
1379 1086 1513 1132 Angli,
1548 1087 1668 1129 G211i,
1707 1089 1854 1136 Belgae.

1142 1130 1315 1166 Eccardus
1332 1146 1349 1166 a
1368 1135 1580 1169 Germanico
1600 1140 1719 1182 Bergen
1733 1165 1742 1181 ,
1760 1140 1854 1185 quod

1141 1177 1186 1213 est
1214 1182 1393 1220 Custodire,
1418 1183 1597 1230 ingeniose
1625 1190 1722 1220 Pareo
1747 1189 1855 1225 dedu-

1142 1228 1218 1264 xit.
1233 1228 1451 1267 Mutinenies
1463 1257 1473 1271 ‚
1489 1233 1620 1281 aliique
1636 1235 1730 1272 inter
1744 1239 1856 1275 Lom-

1143 1280 1288 1323 bardos,
1310 1279 1420 1316 adhuc
1443 1287 1543 1317 Barca
1569 1286 1712 1321 dicunt.
1733 1290 1767 1323 Si
1796 1303 1873 1326 ver

1141 1341 1178 1362 ra
1206 1329 1251 1362 est
1286 1329 1497 1377 significatio
1534 1333 1593 1368 ista
1631 1337 1727 1371 verbi
1757 1340 1855 1375 Teu-

1141 1377 1255 1412 tonici
1284 1382 1427 1425 ,Be-gen,
1455 1382 1545 1416 addo
1572 1397 1656 1432 ego,
1683 1386 1764 1423 inde
1793 1403 1854 1426 ve-

1140 1427 1225 1463 nisse
1251 1431 1429 1465 Gallicum
1459 1435 1598 1479 nger,
1625 1437 1755 1479 Pastor,
1782 1453 1852 1476 non

1139 1482 1223 1514 vero
1245 1493 1263 1514 e
1288 1484 1393 1527 Berg,
1415 1484 1548 1525 Monte,
1570 1497 1682 1534 neque
1706 1502 1746 1524 ex
1771 1493 1853 1525 Ber-

1141 1529 1296 1570 himerius,
1335 1531 1388 1566 uti
1424 1534 1612 1582 Menagius
1651 1539 1851 1585 persuadere

1141 1580 1283 1615 voluit.

1089 1631 1254 1665 Parecchi.
1281 1633 1460 1675 Nonnulli,
1481 1636 1552 1668 Non
1575 1638 1689 1680 pauci.
1715 1641 1851 1677 Tusco-

1139 1693 1215 1715 rum
1247 1694 1315 1716 vox
1344 1682 1408 1718 est.
1440 1683 1604 1722 Utuntur
1630 1688 1694 1723 illa
1720 1692 1754 1725 ἃ
1790 1707 1850 1728 ru-

1138 1730 1213 1766 stici
1240 1732 1480 1770 Mutinenses.
1507 1737 1542 1771 Si
1569 1736 1761 1778 habitatori
1783 1743 1849 1779 Ci-

1139 1781 1263 1817 vitatis
1301 1784 1431 1820 nostrae
1471 1799 1510 1821 ea
1548 1788 1746 1835 excideret,
1783 1806 1848 1829 no-

1138 1840 1210 1867 tam
1239 1833 1442 1871 rusticitatis
1477 1836 1507 1872 is
1534 1840 1683 1876 minime
1716 1843 1850 1891 effuge-

1137 1892 1210 1918 ret.
1237 1885 1272 1918 A
1300 1886 1412 1920 Plures
1437 1885 1569 1924 fafitum
1604 1893 1751 1927 Parecchi
1776 1894 1848 1930 fru-

1137 1933 1201 1968 stra
1240 1935 1374 1972 censuit
1411 1939 1606 1977 Ferrarius.
1636 1943 1672 1977 A
1701 1944 1847 1992 Plerique

1137 1982 1313 2021 Caninius
1340 1987 1373 2021 &
1404 1989 1592 2038 Menagius
1620 1991 1846 2032 derivarunt.

1136 2036 1183 2070 Et
1212 2035 1326 2083 primo
1354 2036 1431 2074 sane
1460 2039 1596 2087 aspeEiu
1635 2045 1846 2092 amplectae

1136 2086 1292 2131 Etymon
1313 2087 1419 2123 istud.
1441 2089 1505 2124 Sed
1527 2091 1587 2127 ubi
1611 2092 1740 2129 intime
1759 2108 1845 2131 con-

1136 2134 1283 2176 fideres,
1325 2137 1483 2174 dubitare
1524 2139 1644 2177 senfim
1685 2146 1843 2192 cogeris.

1135 2187 1228 2222 Nam
1266 2187 1412 2235 Plerique
1454 2188 1628 2238 fignificat
1667 2194 1770 2231 nobis
1809 2197 1845 2232 la

1133 2237 1275 2283 maggior
1309 2248 1401 2282 parte
1415 2254 1435 2282 ;
1483 2243 1630 2276 Pareccbt'
1673 2244 1845 2283 duntaxat

1131 2288 1292 2333 Aliquos,
1313 2298 1374 2325 aut
1395 2291 1538 2326 Multos.
1565 2293 1702 2329 Deinde
1722 2309 1739 2330 a
1766 2298 1841 2330 Ple-

1133 2337 1218 2384 rique
1245 2352 1308 2388 pro
1330 2353 1428 2376 more
1452 2342 1613 2390 Linguae
1638 2345 1767 2380 nostrae
1789 2347 1839 2382 ef-

1131 2387 1319 2425 formatum
1346 2390 1461 2426 fuisset
1486 2393 1660 2438 Pierecrhi,
1683 2409 1753 2431 non
1773 2401 1841 2431 Pa·-

1130 2441 1245 2475 vecchi.
1272 2441 1371 2477 Mihi
1408 2445 1490 2478 verb
1525 2443 1609 2480 haec
1650 2459 1721 2481 vox
1757 2457 1839 2482 nata

1130 2491 1284 2526 creditur
1319 2505 1339 2527 e
1374 2495 1440 2526 Par
1475 2495 1590 2530 Paris.
1628 2499 1748 2543 Atque
1784 2499 1838 2534 uti

1130 2553 1173 2576 ex
1194 2543 1356 2579 Auricula
1375 2541 1587 2581 Latinorum
1612 2547 1748 2594 prodiit
1772 2560 1837 2584 no-

1679 2596 1783 2634 strum
