2169 3047
204 225 286 266 473
465 198 833 246 DlSSERTATlo
865 195 1465 244 TRIGESIMASECUNOA;
1639 219 1727 259 474

152 268 274 315 insuper
295 264 340 308 fit
366 264 592 308 componiturus
612 260 732 305 soledis
765 261 839 295 mile
865 263 912 295 Ε-

147 318 286 367 piscopi,
312 315 367 363 qui
404 324 478 348 tunc
498 312 628 358 fuerit;
664 311 707 345 Θ
733 311 813 347 hanc
849 325 916 347 mea

151 369 351 405 decretionem
381 363 589 399 inviolavelis
625 373 752 398 maneat
773 362 912 408 firmita-

149 431 211 455 tem
246 431 326 453 nunc
365 414 555 459 temporibus
596 413 642 452 &¹
678 413 798 458 futuris
811 427 832 457 ;
868 414 912 452 ,ἔφ’

149 471 233 506 nulli
259 469 351 503 liceat
378 467 459 501 nolle
485 466 566 513 quod
592 478 645 512 ego
667 465 762 509 semel
788 465 913 508 voluit,

145 532 202 568 per
237 520 409 555 Dominum
445 519 579 560 nostrum
605 515 718 560 Jesum
758 516 912 558 christum

150 572 276 607 Filium
302 570 391 616 ejus,
414 569 468 616 qui
495 582 562 602 curn
590 570 655 602 Deo
680 571 777 601 Patre
802 567 914 611 vivit,

150 621 197 661 ἐφ’
224 633 357 669 regnat,
386 621 418 654 in
442 620 547 664 secula
568 618 759 663 seculorum.
786 622 915 653 Amen.

201 676 273 719 Ego
300 671 464 716 Rixsolfus
499 672 674 704 Presbitero
700 670 779 703 hanc
814 672 913 703 decre—

151 723 247 758 tionis
272 736 320 756 me
343 722 496 768 paginam
522 720 699 763 dotalium,
727 720 915 764 consentien—

151 783 212 807 tem
235 784 327 818 pater
354 785 433 805 meus
464 771 660 818 Regnoffus,
690 771 818 817 propria
845 783 910 804 ma—

150 837 208 858 nus
245 837 312 858 mea
348 822 491 866 eseripsi.
533 821 657 856 Ansium
694 825 810 856 Lucam
847 825 913 855 Re-

145 888 267 922 gnum,
293 874 339 912 &
370 872 506 908 [ndic‘lio
525 871 739 918 suprascripta
764 872 913 914 feliciter.

203 925 338 970 Signum
371 936 481 958 manus
508 936 575 957 mea
610 922 750 968 Rixsolfi
785 922 912 957 Presbi-

150 985 235 1015 tero,
257 976 312 1021 qui
337 978 415 1010 banc
435 974 590 1021 paginam
613 975 767 1013 decrebit,
794 974 914 1012 testem.

204 1026 382 1071 Regnolfus
423 1026 538 1060 Abbas
576 1024 610 1058 in
649 1035 724 1059 ante
760 1024 915 1068 presentia

152 1076 298 1118 testium,
323 1087 378 1122 per
405 1088 492 1120 quem
521 1075 600 1108 hanc
624 1075 778 1120 paginam
807 1074 913 1114 scribe-

152 1129 212 1160 rad
237 1124 293 1171 effe
318 1125 461 1158 videntis
473 1149 607 1159 .......
634 1124 724 1157 dedit
753 1124 832 1157 hanc
857 1135 913 1170 pa-

1073 257 1208 306 Signum
1245 270 1356 292 manus
1396 257 1547 305 Regnolfi
1585 263 1786 306 consentienti

1018 309 1104 355 filiis
1126 309 1195 354 suis
1221 308 1346 351 testem.

1076 363 1147 407 Ego
1183 359 1350 394 Martinus
1386 358 1544 395 Presbiter
1560 386 1571 404 ,
1607 374 1732 407 rogatus
1767 378 1789 399 a

1026 410 1201 458 Rignolsus
1225 410 1344 454 Abas,
1372 410 1417 448 ⁴&
1443 411 1584 454 Rexulfu
1609 414 1788 454 Resbiter,

1029 463 1062 497 in
1082 463 1162 496 hanc
1178 462 1301 508 pagina
1319 463 1472 497 dotalium
1484 487 1494 502 ‚
1511 476 1556 496 me
1575 463 1646 505 teste
1659 464 1789 511 scripsi.

1079 516 1150 559 Ego
1185 513 1376 560 Magnipert
1413 514 1591 558 presbiter,
1619 525 1744 561 rogatus
1770 529 1791 550 a

1028 563 1186 611 Rignolsu
1221 566 1337 600 «Abbas
1352 588 1370 608 ,v
1401 563 1447 603 &⁹
1484 565 1626 608 Rexulsu
1664 566 1792 605 Presbi-

1028 628 1094 658 ter,
1123 616 1156 648 in
1183 615 1262 650 hanc
1284 615 1408 663 pagina
1431 617 1608 656 dotalium,
1631 629 1678 650 me
1705 616 1791 659 testis

1021 665 1207 711 subscripfi.

1079 720 1150 763 Ego
1177 716 1388 761 Racbipertus
1411 718 1572 757 Clericus,
1599 728 1724 764 rogatus
1746 718 1792 753 ad

1030 767 1187 814 Rignolsu
1214 770 1350 807 Abbas,
1371 767 1417 807 &⁵
1449 769 1588 812 Rexolsu
1612 768 1790 808 Presbiter,

1029 818 1062 852 in
1089 819 1168 853 hanc
1190 819 1314 866 pagina
1339 820 1515 864 dotalium,
1544 833 1591 854 me
1620 819 1692 862 teste
1712 819 1791 864 sub-

1022 869 1154 915 scripsi.

1079 923 1150 966 Ego
1185 921 1384 955 Aunualdus
1418 920 1579 964 Clericus,
1616 930 1742 966 rogatus
1770 933 1792 954 a

1029 971 1190 1017 Regnolsu
1215 972 1337 1014 Abba,
1365 972 1409 1006 Θ·
1444 970 1582 1015 Rexolfu
1609 971 1790 1014 Presbiter‚

1028 1022 1061 1055 in
1101 1021 1180 1055 banc
1217 1022 1339 1068 pagina
1378 1023 1559 1065 dotalium,
1601 1034 1648 1055 me
1687 1020 1791 1063 testem

1022 1071 1211 1117 subscripsi.

1078 1125 1150 1167 Ego
1177 1121 1312 1165 Rixolfu
1336 1122 1512 1157 Presbitero
1535 1122 1613 1156 hanc
1637 1120 1792 1168 paginam

146 1177 259 1223 ginam
278 1174 339 1220 fili
366 1175 426 1208 mei
462 1188 508 1208 me
535 1174 769 1217 consentientem
800 1175 914 1218 scribe·
951 1169 985 1206 C
1026 1173 1204 1215 dotalium,
1231 1171 1296 1216 post
1322 1172 1448 1214 testibus
1483 1182 1662 1208 rovoratam
1687 1172 1792 1220 deple-

152 1240 209 1268 re,
246 1228 322 1273 quia
357 1239 412 1272 ego
447 1237 504 1273 pre
539 1225 719 1273 egritudine
754 1238 821 1260 mea
857 1239 916 1260 non

148 1277 254 1325 potuit
274 1278 426 1323 scrihere.

995 1264 1000 1280 Ι
1027 1223 1099 1269 bis,
1127 1222 1173 1262 &⁴
1200 1223 1315 1258 obtulit
1341 1224 1531 1270 Altiffi‘mo.

190 1393 358 1435 Oblatio
389 1393 569 1435 omnium
604 1394 756 1437 suorum
791 1397 1010 1447 bonorum,
1040 1392 1142 1434 faS’ca
1173 1395 1222 1435 ab
1256 1392 1458 1450 Aliperto,
1489 1396 1527 1435 &
1559 1393 1641 1445 ejus
1672 1391 1757 1435 filio

246 1454 444 1509 Rotperto
477 1454 704 1504 Presbytero
739 1455 930 1495 Ecclesiae
964 1453 1095 1494 Sanffi
1131 1452 1331 1505 Fridiani,
1361 1467 1382 1494 a
1414 1452 1449 1493 se
1481 1454 1707 1496 aedificatae

444 1510 485 1552 in
518 1525 618 1568 pago
650 1513 876 1569 Septiniana
906 1526 1001 1569 agro
1033 1512 1222 1565 Lucenfi,
1255 1515 1376 1554 Anno
1408 1514 1504 1566 768.

200 1629 236 1662 N
264 1627 324 1662 Dei
353 1627 496 1672 nomine,
526 1640 674 1674 regnante
713 1633 833 1664 Domno
860 1643 913 1664 no-

1030 1627 1137 1672 scopus
1160 1637 1216 1670 per
1249 1627 1471 1671 absolutionem
1508 1626 1628 1661 Domni
1662 1639 1795 1662 venera-

218 1678 283 1720 stro
322 1678 482 1718 Desiderio
520 1684 633 1724 Rege,
670 1684 771 1715 Anno
808 1682 916 1722 Regni
962 1683 994 1715 D
1035 1677 1113 1712 bilis
1139 1678 1267 1712 Peredei
1303 1678 1336 1711 in
1369 1678 1434 1713 Dei
1469 1678 1590 1712 nomine
1626 1677 1797 1724 Episcopi,

152 1728 219 1772 ejus
241 1731 447 1770 Duoa‘ecimo,
469 1728 514 1767 ὠ
533 1730 604 1771 filio
623 1731 690 1775 ejus
716 1731 797 1765 idem
820 1735 914 1766 Dom-

154 1791 193 1812 no
220 1779 318 1821 nostro
344 1780 502 1814 Adelchis
538 1784 646 1822 Reae,
673 1785 775 1816 Anno
812 1783 919 1828 Regni

154 1827 220 1874 ejus
262 1832 351 1864 Nono
393 1830 426 1863 in
468 1830 531 1874 ipse
573 1833 714 1868 Kalend.
751 1833 893 1878 Augusti
909 1858 918 1872 ,

152 1889 208 1926 per
235 1880 443 1915 Indifflonem
470 1884 616 1918 sextam.
647 1884 854 1927 Manifestum
878 1884 919 1925 esi

154 1930 234 1964 mihi
270 1931 423 1975 Aliperto
456 1931 532 1976 filio
573 1939 726 1979 quondam
761 1935 919 1978 Asfridi,

156 1981 321 2016 bavitator
348 1982 382 2016 in
411 1985 482 2016 Vico
505 1985 720 2027 seminium,
745 1986 820 2032 quia
847 1996 920 2021 ante

157 2044 189 2064 os
215 2045 338 2072 annos,
367 2046 430 2067 una
468 2047 532 2067 cum
560 2034 636 2079 filio
672 2049 735 2070 meo
771 2041 921 2083 Rotperto

157 2081 335 2117 Presbitero
360 2099 380 2119 a
402 2083 621 2127 fundamentis
660 2087 693 2120 in
718 2088 840 2135 proprio
867 2101 919 2121 no-

152 2131 219 2175 stro
254 2136 474 2175 construximus
510 2136 679 2176 Ecclesiam
713 2138 747 2172 in
783 2139 923 2172 bonorem
967 2137 995 2170 Ε

156 2183 241 2222 Dei,
271 2186 313 2218 (φ
348 2185 462 2219 sancti·
500 2188 654 2221 fridiani
690 2189 725 2223 in
764 2189 829 2235 ipso
864 2167 953 2229 [καί

157 2234 234 2276 ubi,
258 2233 304 2272 ὅ]
324 2235 357 2269 in
381 2236 448 2282 ipsa
469 2236 654 2280 sacrationis
681 2240 774 2273 Diem
802 2241 835 2274 in
853 2251 924 2286 pre-
951 2234 955 2262 ⁹

151 2284 260 2328 sentia
286 2286 464 2320 venerabili
490 2289 655 2322 Andreati
682 2290 849 2334 Episcopi,
878 2298 923 2328 (θ’

157 2335 196 2369 de
221 2337 438 2370 Sacerdotibus
465 2335 552 2379 eius,
580 2337 625 2374 ὅ]
652 2339 764 2374 ειιηὲἳιτ
787 2344 923 2383 Congre-

151 2386 281 2432 gatione
302 2388 412 2432 populi
439 2387 651 2432 offeruerimus
675 2403 728 2423 nos
751 2392 925 2435 medipsos,

158 2449 224 2470 cum
260 2438 401 2472 omnibus
443 2438 534 2472 rebus
574 2439 684 2480 nostris
719 2441 845 2475 mobilia
884 2442 927 2474 Θ

158 2485 358 2532 immobilia,
382 2489 435 2533 seu
460 2488 685 2529 semoventibus
712 2490 744 2524 in
773 2491 840 2536 ipsa
866 2492 928 2525 Dei

1035 1727 1122 1771 cujus
1159 1728 1282 1769 Diocese
1308 1726 1364 1773 effi:
1398 1728 1528 1762 videtur
1554 1728 1653 1775 ipsam
1689 1729 1798 1762 Eccle-

1029 1779 1137 1820 siam,
1169 1778 1311 1823 Jacravit
1325 1792 1345 1820 ‚·
1378 1780 1467 1817 modo
1502 1778 1574 1812 viro
1610 1777 1707 1826 (fic)
1741 1789 1798 1825 per

1034 1831 1113 1864 hanc
1138 1829 1303 1864 cartulam
1331 1842 1384 1863 nos
1420 1829 1474 1875 qui
1496 1829 1594 1874 supra
1621 1830 1798 1873 Aliperto‚

1036 1879 1082 1918 a&
1109 1884 1260 1927 Rotperto
1295 1880 1470 1915 Presbitero
1498 1880 1673 1926 offerrimus
1709 1882 1797 1918 Deo,

1036 1933 1078 1965 (9⁶
1105 1931 1167 1966 tibi
1203 1930 1341 1972 Ecclesia
1377 1931 1461 1973 Dei,
1494 1933 1536 1965 (9⁵
1572 1930 1659 1965 beati
1689 1929 1799 1975 sancti

1036 1982 1210 2027 Martini,
1246 1982 1301 2016 ubi
1339 1982 1381 2026 est
1417 1985 1537 2017 Domus
1579 1981 1800 2028 Episcoporum

1038 2034 1071 2068 in
1111 2033 1256 2067 Civitate
1296 2034 1456 2077 Lucense,
1494 2033 1621 2078 prefata
1661 2031 1802 2072 Ecclesia

1037 2083 1137 2126 nostra
1178 2083 1291 2118 SanHi
1332 2084 1512 2128 Fridiani,
1548 2097 1615 2119 cum
1656 2082 1801 2118 omnibus

1037 2137 1124 2169 rebus
1152 2134 1260 2177 nostris
1287 2136 1416 2170 mobilia
1452 2134 1498 2172 ὄψ’
1527 2135 1723 2178 immobilia,
1744 2133 1801 2178 seu

1034 2186 1265 2229 semoventibus
1292 2186 1397 2221 omnia
1424 2187 1581 2233 quidquid
1618 2186 1704 2220 nobis
1730 2195 1802 2228 per-

1037 2237 1159 2281 tenuit,
1197 2237 1240 2270 &⁵
1276 2236 1412 2281 presenti
1444 2238 1601 2284 pertinet,
1639 2246 1674 2270 ut
1710 2235 1802 2281 supra

1037 2287 1202 2326 diximus,
1236 2286 1318 2329 sicut
1353 2298 1448 2322 antea
1490 2288 1523 2321 in
1561 2288 1629 2332 ipsa
1665 2285 1803 2326 Ecslefia

1039 2351 1092 2371 nos
1119 2338 1200 2382 ipsos
1235 2352 1302 2372 cum
1328 2337 1419 2373 rebus
1455 2338 1565 2380 nostris
1601 2338 1801 2383 offeruimus,

1039 2389 1144 2423 omnia
1171 2389 1204 2423 in
1241 2391 1395 2433 integrum
1419 2388 1463 2429 fic
1495 2391 1528 2424 in
1563 2388 1711 2435 potestate
1738 2390 1802 2421 Ec-

1040 2438 1124 2475 clesie
1149 2439 1264 2474 sancii
1292 2440 1457 2477 Martini,
1485 2440 1531 2478 &³
1558 2441 1596 2473 de
1624 2438 1692 2481 ejus
1718 2441 1803 2472 Pon-

1037 2488 1198 2534 tificibus,
1225 2491 1259 2525 in
1296 2490 1360 2524 tali
1393 2503 1468 2523 vero
1504 2500 1631 2528 tenore,
1658 2499 1695 2523 ut
1729 2490 1804 2522 dum

162 2537 297 2580 Ecclesia
324 2539 358 2575 in
386 2538 563 2587 prefinito,
590 2541 645 2588 qui
672 2541 715 2576 &⁵
750 2541 814 2588 ipse
841 2542 924 2587 Epi.
948 2532 954 2588 Ι
1008 2552 1014 2573 ι
1037 2553 1118 2575 unus
1143 2554 1179 2574 ex
1214 2541 1302 2576 nobis
1337 2539 1491 2576 advt'vere
1527 2551 1731 2574 metueremus
1771 2537 1805 2572 in

1695 2602 1752 2623 ”0-
