2169 3047
271 233 326 275 ‚3
333 234 359 275 7
560 213 925 259 DISSERTATJO
956 214 1495 263 TRJGESIMATERTJA:
1695 238 1723 278 9
1734 226 1783 279 38

264 291 380 325 guen,
407 274 598 321 Obiurgare.
626 273 826 323 Suspicatur
849 278 974 312 Mena·
1011 281 1047 316 A
1083 278 1223 310 Randa-
1253 273 1345 310 Vide
1372 288 1495 312 vocem
1525 277 1723 327 sequentem
1740 310 1749 319 .

266 328 367 377 gius,
394 340 412 361 a
432 330 666 371 Rezmpugnare
684 325 869 362 deduetum
891 326 974 362 fuis-

265 379 300 413 se
339 377 406 411 hoc
442 377 612 411 verbum.
654 376 719 411 Sed
756 381 975 426 Rimpugnare

264 427 346 463 inde
372 426 574 462 emerfiffet.
603 428 727 475 Neque
753 430 974 476 Reimpugna-

264 488 298 512 re
334 478 473 523 praebet
510 477 657 525 speciem
695 491 894 527 germanam
933 479 972 514 si—

265 526 508 577 gnificationis
541 529 660 564 Italici
699 529 795 565 verbi
832 534 972 577 Rumpo-

261 593 382 627 gnare.
410 580 486 626 Ego
514 578 792 627 metaphoricum
822 583 971 616 vocabu—

264 632 339 666 lum
369 628 521 677 suspicor
548 643 565 665 a
588 634 750 678 Rampone
778 630 972 679 profeRum

265 681 411 729 (vacum
438 680 558 716 dixere
595 682 743 725 Latini,
780 680 849 717 five
884 686 971 716 Har-

262 732 465 780 pngonem),
503 731 594 779 quafi
631 732 714 767 dure
749 732 973 781 objurgantes
1018 734 1046 768 B

264 783 444 829 aliquem,
473 782 586 818 verbis
615 796 693 818 eum
723 784 913 819 lacerarent
937 796 971 819 a·

264 832 412 869 caleatis
440 846 479 869 ac
516 835 681 874 retortis,
718 847 814 869 more
853 836 970 869 Unco-

263 897 361 920 rum.
390 883 445 919 Sic
480 884 619 920 Latinis
656 885 692 920 in
721 885 781 920 usu
808 883 878 921 fuit
905 888 972 919 La-

262 948 364 970 aerare
389 935 568 969 maledifflis
583 949 604 978 ,·
638 937 670 971 8<
709 935 806 970 Galli
843 935 971 970 habent

262 986 431 1028 Estriver‚
457 985 647 1030 staffilum,
684 985 819 1021 scilicet
847 996 966 1021 contu—

262 1035 415 1072 meliofis
445 1036 582 1072 verbis.
623 1039 660 1072 ln
689 1036 889 1083 hujusmodi
917 1035 966 1071 su-

260 1086 418 1132 spicione
446 1100 500 1123 me
529 1087 714 1123 confirmat
755 1087 970 1122 Guilielrnus

259 1136 585 1173 Malmesburienfis
626 1137 755 1170 Histor.
805 1136 889 1172 Lib.
934 1136 970 1172 6.

258 1198 332 1232 quo
368 1185 450 1219 teste
485 1185 702 1220 Guilielmus
740 1186 785 1219 11.
816 1184 971 1232 Angliae
1012 1187 1044 1222 C

258 1237 337 1271 Rex
365 1234 403 1271 in
440 1234 508 1270 iras
535 1234 678 1280 erupit,
715 1235 808 1284 quod
846 1236 970 1271 Helias

256 1284 558 1320 Cenomannenfis
594 1287 724 1319 Comes
761 1296 881 1331 captus
918 1296 964 1320 te*

257 1333 407 1369 meraria
443 1333 545 1367 verba
582 1331 643 1367 fibi
680 1332 717 1368 in
755 1332 880 1368 faciem
909 1347 965 1369 ex-

259 1392 456 1433 promeret.
484 1386 573 1417 Tunc
597 1383 793 1417 Willietmus
816 1395 894 1430 prae
916 1383 963 1427 su-

257 1447 325 1469 rore
347 1435 413 1478 fere
440 1443 528 1467 extra
552 1434 587 1479 se
611 1433 752 1477 politus,
790 1434 836 1471 (ᾖ)
862 1437 965 1468 Obun-

260 1499 333 1522 cans
354 1483 483 1532 (idest,
511 1493 551 1519 ut
571 1483 660 1519 mihi
686 1485 847 1524 videtur,
867 1488 965 1519 Ram-

257 1536 453 1584 pognando)
481 1536 639 1570 Heliam:
666 1539 740 1575 Tu,
769 1536 896 1582 inquit,
917 1550 969 1569 ne-

257 1589 353 1631 bulo,
390 1597 424 1620 tu
461 1586 539 1633 quid
570 1585 718 1630 faceres?
755 1588 849 1622 Idem
887 1586 969 1622 Lib.

256 1649 294 1686 3.
332 1639 373 1673 de
412 1636 654 1672 Hildebrando
684 1636 969 1679 Archidiacorm,

259 1687 323 1736 qui
362 1687 472 1735 postea
511 1688 630 1723 sedem
672 1690 864 1723 Romanam
895 1687 965 1722 san-

258 1738 409 1775 &iffime
437 1738 552 1774 tenuit
582 1739 640 1773 sub
666 1738 811 1774 nomine
834 1740 965 1786 Grego-

257 1789 305 1826 rii
336 1791 414 1824 v11.
447 1789 529 1824 haec
557 1788 686 1823 habet:
716 1790 967 1824 archidiaconus

256 1854 280 1876 a
314 1841 407 1886 longe
447 1841 612 1882 clamans,
649 1841 693 1873 (9⁴
727 1839 891 1875 Abbatem
927 1844 966 1873 0-

257 1890 424 1927 humans:
450 1893 501 1924 Tu
528 1901 584 1929 tu,
620 1890 751 1936 inquit,
778 1892 860 1925 male
886 1893 965 1936 cogi—

258 1941 357 1983 tasti.
396 1941 434 1975 In
472 1939 630 1987 antiquis
657 1939 786 1976 Gloffis
824 1942 865 1976 ab
903 1943 963 1976 Ec—

259 1992 364 2027 cardo
385 1989 490 2026 editis
510 1992 618 2027 Tom.
640 1993 666 2026 1.
688 1991 819 2027 Histor.
849 1993 969 2028 franc.

258 2040 483 2081 orientalis,
519 2042 650 2090 legitur
677 2042 823 2085 Olunco,
852 2042 967 2088 Objur—

257 2106 319 2141 go.
357 2092 480 2140 Itaque
507 2092 656 2128 omnino
684 2092 872 2129 verifimile
899 2093 969 2138 est,
1010 2090 1039 2124 Ε

261 2153 303 2179 ut
341 2142 398 2179 issi
436 2144 478 2178 ab
516 2147 623 2183 Unco,
658 2145 818 2178 Obuncare
854 2153 967 2180 traxe—

259 2203 369 2236 runt,
397 2193 447 2230 ita
475 2192 514 2230 &
542 2207 604 2229 nos
631 2207 649 2229 a
678 2198 842 2240 Rampone
869 2194 969 2231 ltali-

260 2257 325 2284 co,
363 2243 578 2293 fignificante
616 2248 756 2285 Uncum,
794 2245 971 2282 deduxisse

260 2294 411 2332 nostrum
450 2299 693 2342 Rampognare,
733 2294 826 2344 quafi
861 2299 970 2333 Strac—

261 2349 344 2381 ciare
368 2359 421 2381 con
445 2347 551 2394 parole
574 2346 752 2393 pungenti.

210 2398 402 2442 Rampollo.
429 2400 581 2438 Germen,
606 2398 773 2432 surculus.
802 2398 838 2434 A
866 2397 970 2434 Lati-

263 2459 311 2482 no
346 2449 555 2493 Repullulaere
574 2472 585 2488 ‚
618 2446 690 2484 five
725 2448 972 2492 Reinpultutare

264 2497 485 2534 efformatum
513 2498 603 2536 fuit.
630 2500 710 2537 ‚Aut
736 2512 756 2535 a
781 2502 905 2536 Ramm
932 2497 970 2537 ὃ(

263 2546 414 2586 Fullulo.

1082 326 1262 362 Randello.
1297 326 1416 360 Brevis
1451 330 1578 364 baculus
1609 335 1700 377 saepe
1727 336 1761 370 in
1787 349 1842 372 ar-

1132 390 1199 412 cum
1238 377 1422 422 inclinans,
1458 390 1529 426 quo
1570 379 1667 418 funes
1705 385 1746 421 ad
1786 388 1842 436 ju-

1132 435 1332 463 mentorum
1361 427 1508 464 sarcinas
1535 428 1768 480 stringuntur.
1806 441 1841 474 Ι-

1132 487 1237 527 nepte
1267 479 1443 515 Ferrarius
1479 493 1499 515 a
1525 484 1677 525 Rastrum
1703 485 1840 524 deriva-

1133 529 1189 565 vit
1209 555 1219 565 .
1256 530 1350 574 forse
1383 532 1427 565 da
1462 535 1615 577 Ramus,
1654 536 1841 587 Menagius

1134 580 1211 624 ait,
1247 581 1428 620 Rumam,
1456 583 1645 629 Rambdus,
1679 590 1843 629 Randm,

1134 631 1338 676 Randellus,
1357 634 1536 669 Randello.
1558 636 1603 670 Et
1625 635 1702 673 sane
1719 651 1737 673 a
1758 640 1843 676 Mu-

1134 681 1322 718 tinenfibus
1348 685 1506 718 Ramulus
1531 688 1727 734 appellatur
1747 694 1843 725 Ran-

1132 733 1235 768 detto.
1263 734 1435 769 Attamen
1469 736 1720 785 Menagianum
1752 743 1842 788 Ety-

1134 796 1217 819 mon
1261 784 1497 832 abjiciendum
1539 787 1610 832 est,
1647 802 1685 825 ac
1724 794 1843 839 potius

1133 835 1331 870 deducenda
1352 849 1420 871 vox
1443 850 1460 872 e
1485 840 1586 873 Rand
1610 841 1841 880 Germanicae

1133 885 1320 934 Linguae,
1355 885 1571 935 fignifitante
1598 893 1739 937 Cyrum,
1767 896 1844 928 Cir-

1132 937 1256 979 cuham,
1279 937 1331 972 uti
1358 935 1395 973 &
1423 940 1516 979 Orlo,
1538 942 1710 988 Margine.
1742 945 1843 980 Dici-

1132 999 1209 1022 mus
1235 987 1270 1021 la
1297 991 1419 1023 Randa
1444 991 1481 1023 di
1507 1004 1548 1024 un
1580 993 1688 1032 volto,
1723 996 1761 1029 di
1787 995 1841 1030 κη’

1129 1051 1217 1073 arco.
1257 1039 1304 1073 Et
1331 1039 1542 1076 Artificibus
1570 1042 1774 1090 quibusdam
1805 1060 1844 1082 a-

1132 1088 1199 1134 pud
1228 1101 1291 1123 nos
1318 1089 1583 1127 instrumentum
1613 1093 1683 1133 est,
1719 1098 1843 1132 Randae

1131 1147 1369 1184 nuncupatum
1388 1163 1399 1178 ‚
1435 1154 1505 1186 quo
1536 1153 1682 1178 utuntur
1710 1146 1751 1180 ad
1781 1147 1842 1182 de-

1129 1185 1331 1234 signandum
1360 1188 1545 1224 Circulum
1574 1192 1610 1226 in
1641 1194 1752 1238 rotis,
1780 1196 1844 1232 do-

1129 1237 1189 1272 liis
1224 1238 1292 1273 &c-
1334 1239 1519 1287 Propterea
1554 1250 1695 1279 enatum
1735 1258 1842 1283 voca-

1131 1288 1250 1321 bulum
1290 1291 1451 1322 Randello
1489 1291 1658 1333 videtur,
1694 1308 1765 1331 non
1803 1305 1843 1333 ut

1130 1334 1343 1382 significetur
1369 1341 1517 1382 Ramus,
1547 1339 1602 1375 sed
1631 1343 1772 1390 quidem
1802 1355 1843 1383 ut

1130 1383 1307 1421 indicetur
1342 1396 1402 1422 aut
1429 1389 1502 1436 ejus
1539 1388 1670 1439 figura,
1708 1405 1769 1432 aut
1804 1411 1843 1433 a-

1128 1434 1229 1476 δὶιο,
1257 1449 1325 1484 qua
1361 1440 1517 1486 gyrando
1543 1441 1758 1493 stringuntur
1784 1447 1841 1485 fu-

1128 1499 1188 1522 nes
1215 1489 1258 1522 ad
1286 1487 1464 1530 clitellas,
1500 1490 1567 1527 hoc
1595 1494 1661 1535 est,
1689 1497 1843 1535 circum-

1129 1537 1307 1573 volvendo
1345 1537 1524 1576 frustulum
1562 1544 1678 1581 baculi
1716 1562 1841 1586 curva-

1128 1587 1182 1623 ti.
1220 1588 1312 1624 Vide
1348 1590 1543 1627 Tuscorum
1581 1606 1705 1632 vocem
1743 1604 1841 1635 Ran-

1127 1638 1244 1684 dagin,
1264 1651 1352 1687 quae
1378 1639 1549 1689 significat
1574 1644 1754 1683 hominem
1778 1659 1840 1687 aut

1129 1689 1269 1724 bestiam
1297 1689 1449 1727 libenter
1475 1704 1682 1742 vagantem.
1712 1702 1742 1734 A
1769 1704 1839 1743 Gy-

1127 1753 1160 1774 ro
1194 1741 1228 1775 δε
1264 1740 1337 1789 ipsa
1372 1741 1568 1782 descendit.
1608 1747 1771 1786 Dicimus
1790 1744 1838 1787 ve-

1127 1790 1201 1826 nim
1239 1792 1337 1827 Girar
1372 1794 1425 1839 pel
1463 1797 1612 1842 Mando,
1653 1800 1751 1835 Girar
1788 1802 1838 1848 ρι’

1126 1842 1228 1888 campi
1251 1841 1324 1880 &a
1351 1843 1571 1882 Mutinenses
1598 1862 1661 1896 pro
1688 1853 1838 1886 Randel-

1126 1892 1157 1925 lo
1183 1891 1307 1929 dicunt
1334 1896 1558 1933 Randanello.
1595 1900 1701 1949 Apud
1739 1903 1840 1938 Dan-

1127 1952 1199 1978 tem
1236 1945 1392 1982 occurrit
1417 1960 1439 1981 a
1464 1950 1608 1994 Randa,
1643 1966 1664 1986 a
1692 1954 1836 1994 Rauda,

1125 1993 1160 2028 3<
1197 1992 1368 2042 fignificat
1404 1997 1498 2044 quod
1533 2012 1643 2048 nuper
1677 2001 1778 2039 innui
1816 2018 1836 2040 a

1126 2045 1313 2081 Germanis
1341 2045 1562 2095 usurpatum,
1590 2064 1716 2100 nempe
1742 2055 1837 2095 Orlo,

1126 2096 1303 2142 Margine,
1339 2109 1410 2132 non
1447 2099 1530 2143 Vix,
1566 2100 1637 2136 {ive
1672 2107 1836 2151 Appena,

1127 2144 1181 2180 uti
1218 2147 1368 2182 Bembus
1404 2147 1565 2185 censuit.
1604 2153 1727 2189 Potius
1764 2159 1838 2190 Ra-

1119 2195 1208 2242 Jente
1227 2223 1238 2240 ‚
1279 2196 1333 2232 uti
1369 2198 1604 2236 castelvetrus
1641 2202 1686 2238 est
1726 2203 1838 2241 inter-

1127 2256 1301 2295 pretatus.
1335 2250 1374 2283 In
1405 2249 1502 2285 brevi
1531 2251 1712 2290 Chronico
1742 2255 1836 2291 Pisa·

1124 2310 1193 2337 no,
1217 2298 1310 2346 quod
1336 2298 1376 2335 in
1403 2300 1665 2339 Colleffionem
1697 2307 1773 2340 Rer.
1798 2306 1835 2342 1-

1125 2348 1221 2385 talic.
1256 2348 1396 2390 intuli,
1436 2351 1567 2400 legitur
1602 2355 1671 2389 alla
1709 2358 1832 2391 Randa

1122 2399 1174 2434 del
1195 2399 1332 2447 giorno,
1362 2400 1445 2436 idest
1472 2403 1536 2437 allo
1560 2404 1735 2450 spumare,
1765 2406 1833 2444 five

1123 2451 1362 2498 metaphorice
1383 2451 1462 2497 Julc’
1476 2455 1540 2489 orla
1565 2458 1618 2491 del
1638 2458 1773 2503 giorno.

1073 2501 1337 2543 Rannicchiarfi.
1363 2505 1551 2541 Contrahere
1572 2506 1606 2551 se
1615 2520 1636 2548 ‚·
1658 2511 1833 2553 Raggrup-

1122 2551 1232 2600 parfi.
1260 2553 1298 2590 A
1323 2553 1479 2601 Niccbic,
1506 2554 1721 2606 fignificante
1749 2560 1834 2594 Con-

1666 2608 1781 2649 cham,
