2169 3047
375 215 470 265 975

330 285 334 287 -
368 260 483 294 mani
471 271 539 298 Ὃ,
580 257 672 294 mihi
720 259 931 307 persuadeo,
983 258 1075 306 quod
1113 259 1146 294 A

329 343 333 346 .
368 310 514 344 verbum
544 307 581 344 in
609 323 727 345 eorum
767 310 906 358 Lingua
945 319 1078 357 praeter

369 361 455 396 alias
500 359 588 395 han'c
636 360 744 395 etiam
785 359 1076 408 fignificationem

369 410 475 447 habet
500 438 510 454 ‚
551 411 585 446 &
628 411 752 446 Italice
793 411 968 446 redditum
1011 410 1079 445 fuit

369 462 568 506 Schizzare.
612 462 695 497 Inde
737 462 849 497 multa
890 461 1078 510 composita

371 512 460 560 apud
487 513 571 547 illos
599 522 806 547 occurrunt.
1103 512 1105 517 ‘

321 563 476 602 Scirocco.
504 565 611 596 Emus
638 575 663 595 .-
665 572 776 597 ιω
805 562 863 597 Ab
892 561 967 609 ipso
995 565 1106 602 Eur02
1157 590 1160 602 ,

372 611 544 648 machinis
587 611 755 648 adhibitis
796 611 950 648 invitam
992 604 1107 658 hanc}

371 676 495 698 vocem
539 661 727 711 Menagius
763 663 898 698 trahere
936 659 1106 721 conatus}

370 713 434 749 est.
471 713 645 748 Arabicae
681 713 832 762 originis
872 713 937 749 est.
974 715 1080 749 Hunc
1104 691 1161 767 {Bi

370 762 466 799 enim
495 772 662 803 ventum,
690 763 758 799 sive
789 765 1000 809 Vulturnum,
1028 767 1080 800 A·

370 814 467 850 rabes
504 817 663 861 Soroqon,
703 814 770 850 five
807 818 934 850 Sorocan
962 816 1080 863 appel·
1158 769 1162 900 ι

371 866 473 900 lant.
502 864 670 914 Hispanis
699 865 743 901 est
768 867 897 904 Siro:,o
926 874 985 901 aut
1014 870 1080 901 Xa-

371 916 492 962 loque.
535 915 619 951 Ind}
662 915 699 952 δι’.
743 916 804 966 ipfi
848 916 1079 953 didicerunt.

371 965 559 1001 Taffonius
597 969 640 1002 V.
679 968 737 1003 Cl.
761 930 997 1003 pMutinenfis
1043 968 1081 1002 in

371 1016 483 1053 Notis
501 1017 613 1053 Mstis
636 1017 676 1053 ad
695 1018 970 1054 Vocabularium
992 1020 1080 1054 Cru—

372 1066 513 1104 scanum
543 1077 664 1115 putat,
693 1083 711 1105 a
739 1070 837 1115 Syria
857 1070 1080 1105 efformatum

373 1117 472 1153 fuisse
515 1122 670 1155 Ventum
713 1123 877 1155 Srtrocco.
918 1120 1080 1155 Laudan-
1106 1143 1107 1152 2

372 1168 455 1203 dum
484 1170 517 1203 ὃ(
547 1168 613 1203 hoc
651 1171 921 1214 Etymon.1ta
958 1178 1082 1204 ventus
1115 1165 1150 1202 C

371 1218 555 1258 Libecchio,
592 1219 685 1266 quod
722 1232 764 1254 ex
801 1217 908 1266 Lybia
935 1219 1082 1264 veniat,

373 1281 503 1303 nomen
532 1269 630 1302 suum
659 1268 814 1312 accepit.

322 1319 492 1363 Seiugare.
520 1317 663 1350 Siccare.
692 1315 784 1349 Vide
812 1314 912 1362 supra
939 1314 980 1349 ad
1007 1328 1083 1350 ver-

374 1368 454 1402 bum
477 1367 676 1413 Asciugare.

321 1418 546 1464 Scompigliare
567 1444 575 1452 .
612 1415 824 1459 perturbare,
860 1416 1058 1459 Confundere
1075 1442 1083 1451 .

369 1467 581 1516 Menagium
620 1467 720 1502 audi:
761 1467 855 1508 Forse
882 1471 923 1501 aa
951 1469 1084 1501 Excom-

368 1520 546 1567 pliculare.
575 1519 667 1563 Plica
684 1542 693 1556 ‚
722 1518 871 1557 Plicula,
900 1518 1082 1558 Plxculare,

370 1569 601 1612 Compliculare
615 1592 626 1607 ,
654 1569 928 1613 Excompliculare
942 1592 952 1608 ‚
979 1571 1082 1603 Scom-

367 1620 552 1666 piegulare,
579 1620 825 1666 Scompigliare.
853 1620 1010 1655 Multum
1033 1621 1084 1654 la·
1107 1635 1108 1638 ¹

371 1670 539 1713 boravit,
583 1678 621 1705 ut
662 1669 755 1705 nihil
794 1683 856 1705 nos
897 1671 1084 1706 edoceret.

368 1721 530 1768 Longius
558 1720 666 1756 etiam
699 1721 740 1756 ab
769 1720 836 1756 hoc
869 1723 1001 1766 Erymo
1030 1734 1083 1756 re-

369 1772 465 1807 ceffit
503 1771 705 1810 Ferrarius,
742 1785 760 1807 a
798 1773 991 1807 Comhullire
1019 1785 1083 1807 vo-

369 1835 444 1858 cem
483 1822 578 1859 istam
618 1822 807 1858 derivans.
845 1825 942 1858 Ante
981 1823 1083 1870 pedes

368 1873 543 1921 originem
593 1873 693 1921 hujus
744 1873 842 1909 verbi
886 1873 1082 1917 habemus,

365 1934 481 1969 neque
517 1924 620 1959 illam
658 1923 859 1973 perspexere
900 1924 980 1961 Viri
1020 1925 1082 1959 do-

367 1972 445 2008 «sti.
475 1974 531 2009 Ab
560 1978 624 2010 Ex
618 1976 781 2021 ompilare
809 1975 930 2011 venit.
971 1977 1081 2010 Nem-

366 2036 411 2071 pe
431 2025 630 2069 Campum-,e
659 2025 800 2063 ευξὶοτε
822 2026 943 2068 Festo,
973 2025 1080 2060 etiam

367 2073 458 2121 apud
487 2073 651 2121 antiquos
680 2077 830 2114 Latinos
869 2075 1082 2125 significavit

367 2127 508 2170 Cogere,
537 2123 575 2159 (Sc
605 2125 638 2159 in
666 2138 761 2158 unum
789 2129 954 2162 Condctme
983 2128 1083 2171 Qua-

366 2186 403 2210 re
446 2173 599 2219 sequiori
627 2188 714 2210 aevo
742 2176 923 2219 Compilare
950 2177 1083 2210 Librum

367 2223 573 2258 dicebantur
601 2226 801 2263 Auffiores,
840 2225 902 2272 qui
941 2226 1082 2261 aliunde

366 2273 497 2309 sumtas
525 2272 714 2309 sententias
736 2275 772 2309 in
797 2288 902 2310 unum
932 2277 1080 2313 Librum

365 2323 584 2363 inferebant,
612 2332 716 2369 atque
740 2325 955 2360 ordinabant.
986 2329 1082 2361 Dan-

367 2384 419 2410 tes
461 2388 598 2422 quoque
641 2373 747 2411 Cant<
802 2377 985 2423 Purgator.
1023 2389 1080 2413 21.

366 2427 544 2471 Compilare
587 2424 748 2463 adhibuit
792 2438 853 2471 pro
897 2427 1053 2462 Ordinare
1073 2455 1082 2462 .

367 2476 552 2523 Propterea
570 2475 727 2512 invaluit
744 2476 963 2522 Excompilare
977 2504 985 2520 ,
1005 2490 1081 2513 ver-

367 2526 447 2561 inum
467 2525 734 2575 significationis
752 2526 948 2566 contrariae
962 2555 971 2572 ‚
988 2529 1079 2576 quod
1157 2518 1162 2556 i

725 197 1345 260 ANTIQUJT.MED11
1379 199 1541 244 ARV]

1799 214 1888 263 976

1239 258 1396 308 proprie
1428 260 1600 309 fignificat
1648 274 1709 297 rem
1759 267 1947 301 Ordinatam

1236 310 1441 368 perturbare,
1470 311 1592 347 Italice
1615 315 1841 357 Disordinare‚
1869 320 1946 351 Por-

1239 374 1273 394 η
1308 361 1341 394 in
1378 362 1571 406 Disordine.
1608 364 1705 399 Hinc
1747 378 1809 412 pro
1851 379 1947 402 more

1239 410 1400 459 Linguae
1456 412 1585 447 nostrae
1635 415 1780 451 verbum
1832 417 1944 464 ipsum

1239 463 1457 506 Excomoilare
1497 461 1602 496 evasit
1650 464 1686 498 in
1729 468 1947 511 ScompHare,

1238 515 1359 555 Scomp
1356 513 1464 555 gliare
1489 538 1497 546 .
1544 513 1690 548 Brevius
1736 514 1947 553 Mutinensis

1240 562 1421 597 Dialectus
1451 562 1657 609 pronuntiat
1682 566 1889 610 Sgomlriare.

1189 615 1298 659 Scorge
1302 626 1353 645 re.
1383 615 1437 646 Ce
1430 625 1535 656 nere,
1563 614 1763 657 Discernere,
1791 617 1947 663 Perspfcc-

1241 677 1291 697 re.
1326 664 1379 697 En
1404 661 1565 711 Menagii
1594 665 1717 700 verba:
1748 668 1803 700 Da
1830 670 1947 701 Execr-

1240 714 1360 760 rigere,
1389 713 1449 747 cio&
1477 714 1641 760 Dirigere.
1670 717 1701 750 Il
1726 717 1841 764 Signor
1869 721 1947 752 Fer-

1240 764 1307 799 rari
1343 767 1386 798 da
1422 766 1574 800 Cernere.
1611 769 1683 800 Non
1714 767 1746 808 fi
1777 771 1863 815 pub.
1902 770 1949 804 Et

1241 827 1359 850 revera
1388 814 1429 849 ab
1458 817 1628 850 Excernere
1659 818 1792 865 prodiit
1821 822 1950 854 Scerne-

1241 879 1296 905 r,e
1326 878 1394 900 non
1424 878 1506 901 vero
1537 869 1698 910 swovoere.
1736 868 1800 903 Sed
1838 882 1948 917 neque

1242 917 1284 951 ab
1306 919 1372 950 Ex:
1360 916 1506 963 arrigere
1528 917 1703 953 efformari
1723 919 1841 966 potuit
1861 923 1951 954 Scor-

1238 981 1329 1014 gew,
1359 966 1410 1001 uti
1439 966 1606 1025 opinatur
1642 970 1855 1018 Menagius.
1893 969 1952 1005 U-

1242 1017 1398 1064 triuique
1439 1019 1537 1053 vocis
1579 1018 1711 1055 sensum
1751 1034 1949 1069 compone.

1240 1072 1382 1114 Scmgere
1410 1069 1499 1116 apud
1527 1069 1661 1106 Tuscos
1690 1071 1827 1118 (neque
1855 1072 1951 1106 enim

1241 1119 1478 1153 Lombardiae
1508 1121 1652 1167 Populis
1679 1121 1716 1156 in
1739 1123 1799 1157 usu
1820 1122 1864 1158 est
1885 1122 1950 1156 hoc

1241 1169 1411 1214 verbum)
1439 1167 1611 1214 fignificat
1634 1180 1695 1204 aut
1721 1173 1863 1210 Intueri,
1891 1180 1951 1206 aut

1240 1220 1357 1253 Ducem
1379 1218 1414 1262 se
1439 1218 1534 1251 alteri
1559 1220 1724 1263 praebere.
1753 1220 1850 1265 Quid
1879 1221 1927 1255 rei
1944 1245 1952 1257 ,

1241 1268 1392 1306 amabo,
1421 1267 1465 1299 est
1494 1268 1600 1300 verbo
1627 1268 1709 1301 huic
1738 1282 1816 1303 curn
1845 1272 1953 1303 Corri-

1237 1325 1331 1358 gere,
1368 1313 1466 1358 cujus
1503 1312 1690 1356 familiaris
1727 1328 1765 1350 ac
1794 1317 1952 1354 usitatior

1242 1361 1453 1410 iignificatio
1480 1361 1524 1398 est
1551 1366 1759 1399 Emendare?
1785 1368 1840 1403 At
1864 1368 1953 1404 unde

1242 1421 1282 1448 tu
1310 1414 1398 1448 hanc
1419 1426 1543 1449 vocem
1564 1414 1799 1453 deducendam
1829 1418 1951 1466 putas?

1244 1463 1389 1511 inquis.
1431 1463 1668 1513 ConjeSturae
1707 1468 1848 1504 veniam
1886 1469 1957 1505 im-

1243 1516 1368 1563 ploro.
1413 1515 1513 1551 Olim
1552 1516 1638 1552 belli
1676 1527 1861 1566 tempore,
1900 1520 1955 1557 uti

1243 1567 1277 1601 8<
1305 1579 1419 1609 nune,
1448 1579 1557 1614 quum
1594 1579 1810 1606 commeatus
1848 1570 1955 1607 dedu-

1244 1616 1411 1652 cebantur
1438 1617 1480 1652 ad
1509 1617 1634 1658 castra,
1672 1629 1732 1656 aut
1769 1621 1810 1656 ad
1839 1635 1955 1663 arces

1244 1667 1498 1716 adjungebatur
1525 1669 1684 1717 equiturn
1712 1680 1827 1708 turma
1845 1699 1855 1716 ,
1893 1673 1957 1720 qui

1245 1718 1417 1754 custodiae
1455 1719 1569 1755 caussa
1607 1734 1686 1757 cum
1725 1723 1883 1759 curribus
1920 1724 1954 1758 &

1245 1769 1412 1818 jumentis
1464 1770 1725 1808 comitabantur
1751 1801 1758 1809 .
1814 1776 1953 1809 Horum

1243 1832 1321 1857 mos
1348 1818 1418 1854 fuit
1444 1821 1679 1862 Excurritare,
1716 1833 1757 1858 ut
1783 1823 1957 1859 discerne-

1244 1879 1348 1910 rent,
1390 1883 1432 1908 an
1475 1869 1581 1906 hostis
1623 1872 1832 1917 adveniret,
1874 1874 1957 1910 infi-

1244 1920 1366 1957 diaeve
1409 1919 1538 1968 positae
1580 1920 1742 1959 fuissent.
1783 1926 1956 1959 Scorridora'

1244 1980 1428 2019 propterea
1457 1971 1536 2006 sunt
1563 1973 1753 2020 appellati.
1791 1975 1851 2010 Ab
1886 1978 1958 2010 Ex-

1244 2023 1396 2058 curritare
1436 2021 1593 2058 detraffm
1634 2026 1661 2058 I.
1703 2024 1840 2060 emersit
1886 2038 1956 2061 vox

1244 2076 1405 2112 Scortare,
1442 2085 1510 2120 qua
1539 2086 1624 2109 voce
1661 2074 1772 2111 adhuc
1809 2084 1956 2112 utuntur

1246 2123 1366 2165 Galli,
1396 2122 1530 2159 utimur
1558 2123 1595 2160 ὅ(
1625 2137 1707 2160 nos.
1737 2125 1821 2161 Inde
1848 2126 1955 2162 etiarn

1244 2176 1353 2207 Semta
1380 2172 1553 2213 nostrum,
1582 2173 1619 2210 ὅ(
1641 2175 1823 2212 Gallicum
1847 2178 1958 2222 Ef'cor-

1245 2235 1296 2267 te,
1324 2223 1416 2270 quod
1443 2236 1514 2260 non
1543 2238 1561 2260 a
1589 2225 1725 2261 Latino
1753 2228 1890 2271 Cohors,
1918 2237 1957 2263 ut

1246 2274 1390 2321 quidam
1418 2274 1558 2322 opinati
1597 2275 1702 2320 sunt,
1741 2276 1796 2313 sed
1824 2291 1842 2313 a
1869 2281 1957 2312 Scor-

1246 2335 1313 2359 tare
1348 2324 1550 2360 descendit.
1589 2327 1790 2363 florentini
1830 2330 1911 2364 verb
1937 2339 1955 2360 c

1246 2378 1388 2409 seman
1414 2373 1452 2410 ἃ
1480 2378 1589 2411 scorta
1616 2377 1808 2413 efformaffe
1835 2376 1955 2411 viden-

1246 2433 1304 2460 tur
1331 2425 1477 2460 verbum
1505 2429 1674 2473 Scorgere‚
1713 2429 1812 2472 eique
1838 2425 1955 2472 dupli-

1246 2487 1320 2510 cem
1370 2474 1661 2524 fignificationem
1707 2474 1868 2509 indidisse
1909 2488 1952 2511 ex

1245 2525 1385 2574 gemina
1413 2526 1554 2567 affiione
1582 2524 1742 2563 militum
1773 2525 1953 2582 Escursana

1798 2585 1897 2613 tram,
