2169 3047
433 233 518 277 407
728 215 1139 275 ANTJQMT.
1187 216 1420 264 Maon
1467 219 1651 263 ΑΕνι
1854 225 1940 275 408

377 276 494 314 Immo
521 291 562 313 ne
590 276 626 314 in
656 277 729 328 ipsa
755 278 899 326 quidem
926 278 1044 320 Urbe,
1074 274 1136 312 Ubi
1171 287 1203 322 A
1245 280 1338 316 hendt'
1373 280 1460 327 asper
1495 293 1611 328 quoque
1645 277 1797 313 exafflor?
1831 282 1906 314 Aut
1931 279 2001 314 vim

377 328 589 365 Latinitatis
620 327 764 365 sacraria
801 338 919 368 erant,
947 325 1136 364 Ciceronis

377 379 415 416 ἃ
445 379 687 425 Quin&iliani
715 394 822 420 aevo,
853 379 987 416 intacta
1014 392 1032 414 a
1060 378 1137 414 bar-

380 431 538 467 barismis
565 433 600 467 &
637 430 850 467 soloecismis
887 430 1018 467 Latina
1048 428 1137 466 Lin-

377 495 444 529 gua
473 481 569 530 fuit3
608 491 712 530 atque
738 495 825 530 opus
854 481 922 529 jam
961 490 1036 516 turn
1064 488 1138 516 erat

377 532 639 568 Grammaticae
659 545 799 580 operam
821 532 923 574 dare,
943 541 982 566 ut
1002 531 1042 565 ad
1063 531 1139 565 lau-

379 582 459 617 dem
496 583 612 617 Latine
648 583 794 629 loquendi
830 581 1038 628 assurgerent
1076 579 1138 624 ipfi

380 633 559 668 Romani:
599 632 690 680 quod
722 631 862 667 evicisse
899 630 990 666 mihi
1018 630 1140 666 videor

380 683 417 716 in
436 684 543 717 Tom.
561 680 592 718 ι’.
612 681 699 718 Pers.
718 681 810 717 Poes.
828 682 907 718 Ital.
924 695 1000 731 pag.
1021 693 1102 717 101.
1117 679 1137 700 ‘

382 733 544 780 Negabat
581 732 616 768 id
652 732 740 768 olim
778 731 839 768 Cl.
876 735 921 767 V.
959 731 1141 767 Antonius

381 783 499 818 Maria
531 782 708 819 Salvinius
744 782 782 818 in
812 783 906 818 Notis
932 782 1063 817 Criticis
1098 781 1139 817 ad

381 832 520 868 eosdem
557 833 686 870 Libros
722 846 817 869 meos
846 832 1008 869 Venetiis
1044 846 1140 869 recu-

380 883 461 927 sos,
500 885 734 928 contendens,
770 883 1031 920 Grammaticae
1064 883 1140 930 qui—

383 934 462 969 dem
489 934 630 970 Scholas
654 938 784 970 Romae
810 935 998 983 permultas
1022 934 1143 978 fuisse,

382 984 438 1020 sed
481 985 523 1020 ad
561 988 729 1021 Graecam
768 985 1017 1021 tantummodo
1052 985 1141 1020 Lin—

384 1048 511 1083 guam,
539 1048 608 1070 non
635 1039 717 1072 vero
744 1036 784 1071 ad
813 1036 980 1072 Latinam
1006 1035 1143 1070 traden-

384 1087 462 1121 dam
482 1109 491 1123 ‚
518 1099 621 1133 quam
651 1100 669 1122 a
705 1085 841 1122 nutrice
870 1084 1143 1134 purgatissimam

383 1135 531 1182 quisque
571 1135 781 1172 hauriebat.
825 1138 996 1171 Attamen
1034 1135 1144 1170 habeo

384 1185 594 1221 Svetonium
622 1187 663 1222 de
691 1186 814 1221 lllustr.
838 1188 1033 1221 Grammat.
1061 1198 1145 1220 con-

382 1236 492 1271 traria
520 1237 620 1284 plane
649 1235 867 1272 suadentem.
898 1238 930 1271 Is
958 1235 1052 1271 enim
1081 1248 1144 1270 no·-

385 1287 438 1321 bis
466 1286 610 1322 exhibet
637 1289 691 1323 M.
716 1287 898 1322 Antonium
928 1286 1143 1329 Gniphonem‚

384 1339 418 1371 in
439 1337 551 1372 Gallia
571 1348 680 1371 natum
693 1365 703 1381 ,
723 1350 782 1371 non
803 1337 905 1370 minus
921 1339 1033 1369 Graece
1053 1348 1145 1381 quam

385 1388 504 1422 Latine
538 1387 687 1426 defixam,
714 1387 769 1434 qui
804 1386 906 1421 docuit
938 1386 1076 1429 primum
1113 1385 1145 1419 in

384 1441 430 1473 D.
446 1437 539 1481 Julit'
557 1439 645 1471 domo
668 1436 758 1482 pueri
778 1438 899 1479 adhuc,
920 1435 966 1473 &³
985 1436 1047 1469 duo
1072 1445 1146 1469 tan-

386 1499 454 1521 tum
480 1488 645 1521 volumina
670 1487 708 1520 de
736 1487 936 1522 LATINO
965 1486 1145 1521 SERMo-

386 1539 455 1572 NE
484 1537 631 1583 reliquit.
660 1535 801 1572 Asinius
829 1536 937 1571 etiarn
966 1534 1084 1571 Pollio
1112 1548 1146 1570 a-

386 1588 456 1636 pud
493 1586 652 1622 eumdem
691 1586 898 1622 Suetonium
926 1585 1064 1630 Atejum
1093 1598 1146 1619 no-

387 1637 482 1672 bilem
520 1638 766 1672 Grammaticum
803 1637 957 1672 Latinum
1000 1635 1146 1671 laudat.

389 1687 553 1735 Plerique
575 1691 658 1723 vero
678 1702 721 1724 ex
743 1687 787 1723 iis
807 1686 1057 1722 Grammaticis
1077 1687 1146 1722 La—

388 1737 484 1773 tinos
505 1737 633 1774 Libros
659 1738 999 1786 interpretabantur,
1024 1738 1057 1772 &
1078 1738 1149 1773 La-

390 1788 503 1823 tinam
527 1788 705 1837 Linguam
734 1787 802 1823 suis
829 1787 966 1836 scriptis
989 1787 1148 1834 expolie-

389 1838 501 1873 bant:
534 1838 576 1873 ad
603 1837 695 1885 quod
725 1837 940 1886 potissimum
971 1836 1148 1873 incubuis-

388 1887 423 1923 se
460 1888 573 1935 liquet
609 1887 664 1924 M.
693 1888 901 1924 Terentium
931 1891 1148 1932 Varronem,

389 1939 654 1975 celeberrimum
678 1938 804 1974 Virum
820 1966 830 1982 ,
857 1947 897 1974 ut
924 1938 1012 1973 alios
1038 1938 1148 1973 ornit-

389 1998 462 2024 tam
476 2016 486 2034 ,
506 1989 566 2037 qui
588 1991 621 2024 8<
643 1989 724 2025 Lib.
749 1990 830 2023 v11.
850 1988 891 2024 de
919 1987 1059 2036 Lingua
1079 1989 1147 2024 La-

387 2040 465 2075 tina
494 2039 636 2082 scribit,
663 2043 793 2074 Graecos
816 2038 863 2077 &¹
889 2039 1023 2073 Latinos
1048 2041 1087 2072 de
1113 2052 1148 2072 u—

390 2100 501 2136 traque
535 2091 742 2125 declinatione
779 2089 937 2123 nominum
966 2088 1012 2127 &⁶
1039 2088 1150 2123 verbo-

389 2153 480 2184 rum,
502 2140 614 2175 Libros
638 2138 738 2185 seciffe
761 2141 892 2174 multos.
916 2138 1074 2174 Minime
1098 2147 1151 2174 ta-

391 2203 472 2225 men
500 2189 806 2239 praetermittenda
832 2189 932 2233 sunt,
956 2202 1044 2237 quae
1068 2189 1150 2225 Lib.

391 2239 420 2276 I.
436 2243 523 2286 Cap.
539 2251 573 2288 7.
592 2239 722 2286 scripsit
737 2239 1004 2284 Quinfitilianus
1018 2267 1026 2282 ,
1042 2253 1150 2287 quum

392 2291 436 2326 de·
470 2289 710 2326 Grammatica
752 2289 943 2325 sermonem
986 2290 1151 2326 haberet.

391 2345 453 2377 An
480 2344 566 2381 ideo,
592 2341 733 2389 inquit,
758 2340 858 2374 minor
883 2340 924 2383 est
949 2343 1001 2375 M.
1024 2341 1153 2375 Tullius

391 2396 524 2436 Orator,
552 2394 633 2439 quod
660 2392 740 2425 idem
766 2391 866 2425 Artis
893 2390 988 2435 hujus
1013 2392 1151 2437 diligen-

390 2443 523 2488 u‘ffimus
546 2443 633 2486 fuit,
660 2441 707 2479 &⁹
735 2442 767 2475 in
788 2440 866 2485 filio
893 2442 953 2488 (ut
980 2441 1013 2475 in
1040 2442 1149 2489 episto—

392 2493 433 2528 lis
459 2493 618 2541 apparet)
649 2494 810 2529 RECTE
839 2493 986 2542 loquendi
1012 2507 1046 2528 ac
1071 2492 1150 2539 scri-

1244 334 1282 366 C.
1309 331 1452 376 Caesaris
1476 331 1640 378 fregerunt
1665 330 1745 364 editi
1769 331 1808 363 de
1833 330 2003 377 Analogia

1244 382 1366 417 Libri?
1389 386 1465 418 Aut
1488 382 1555 417 ideo
1578 382 1680 416 minus
1701 378 1838 427 Meffala
1861 380 2003 420 nitidus.

1244 433 1319 480 quia
1338 433 1492 480 ‘quosdam
1520 443 1597 467 totos
1627 432 1749 482 libellos
1779 445 1838 465 non
1864 433 1904 465 de
1928 444 2004 466 ver-

1245 483 1293 519 bis
1319 490 1406 517 modo
1426 483 1565 530 singulis
1582 507 1590 522 ‚
1614 483 1672 528 sed
1696 483 1792 518 etiam
1820 482 1922 516 literis
1947 483 2003 517 de-

1244 533 1325 568 dit?
1351 533 1525 581 Exigebat
1551 533 1719 574 Tullius,
1747 541 1785 568 ut
1813 531 1907 568 filius
1936 537 2003 567 Re-

1245 584 1291 618 &e
1311 584 1512 630 loqueretur
1532 595 1570 617 ac
1591 582 1777 626 scriberet,
1804 595 1874 617 non
1895 585 2002 619 Grae-

1248 647 1313 678 ce,
1340 633 1396 669 sed
1424 632 1552 669 Latine
1569 656 1580 672 ‚
1616 632 1682 667 hoc
1709 632 1753 667 est
1771 659 1781 675 ,
1817 631 2004 668 secundum

1247 683 1507 720 Grammaticae
1536 683 1691 731 regulas,
1727 695 1797 717 non
1835 682 1876 717 ad
1906 682 2004 731 vulgi

1248 733 1408 783 imperiti
1433 746 1586 769 morem.
1615 735 1798 781 Propterea
1821 732 1945 767 Schola
1969 745 2005 767 e-

1249 795 1301 821 rat
1324 784 1459 834 pueris,
1485 793 1523 819 ut
1544 793 1723 832 praecepta
1745 781 1894 818 Latinae
1914 782 2006 819 Lin-

1250 849 1335 883 guae
1355 834 1543 870 discerent.
1563 834 1668 880 Quod
1690 846 1797 881 quum
1818 833 1897 881 ajo,
1915 834 2007 868 Tul-

1250 887 1338 922 lium
1361 884 1473 931 ipsum
1494 884 1669 920 auEtorem
1690 883 1821 927 habeo,
1838 883 1900 930 qui
1921 882 2005 919 Lib.

1251 937 1316 973 ΙΙΙ.
1343 936 1384 971 de
1409 937 1558 971 Oratore
1581 934 1721 969 scribit:
1749 937 1916 978 Praecepta
1939 937 2007 968 La-

1250 988 1315 1021 tine
1351 986 1496 1032 loquendi
1529 985 1662 1031 puerilis
1697 983 1842 1018 doc‘lrina
1878 985 2008 1027 tradit,

1251 1038 1286 1073 id
1314 1036 1359 1072 est
1386 1039 1457 1072 Ars
1484 1033 1746 1077 Grammatica‚
1775 1033 1815 1068 ad
1844 1045 1947 1080 quam
1976 1032 2009 1068 se

1251 1087 1406 1122 conferre
1433 1097 1518 1121 tunc
1547 1086 1601 1120 vel
1631 1084 1691 1131 ips1
1721 1083 1872 1119 Romani
1909 1082 2008 1130 pueri

1251 1137 1487 1185 cogebantur.
1515 1135 1570 1171 Ita
1598 1134 1785 1170 Vitruvius
1813 1133 2008 1182 Augustum

1251 1188 1432 1233 alloquens
1459 1186 1630 1233 rogabat,
1665 1194 1701 1218 ut
1731 1183 1761 1224 si
1786 1185 1864 1229 quid
1896 1194 2009 1228 parum

1251 1239 1293 1271 ad
1311 1237 1408 1272 Artis
1427 1235 1657 1271 Grammaticae
1676 1235 1813 1278 regulam
1836 1233 1932 1276 fuerit
1955 1248 2009 1268 ex-

1249 1288 1422 1334 plicatum,
1438 1284 1650 1334 ignosceret.
1671 1284 1734 1320 Sed
1755 1297 1842 1331 quae
1862 1283 1898 1318 in
1919 1283 2008 1319 hanc

1252 1349 1324 1371 rem
1353 1337 1421 1385 jam
1451 1335 1579 1379 attuli,
1607 1334 1783 1370 Salvinius
1807 1336 1889 1369 vero
1916 1333 2009 1369 insa-

1252 1388 1363 1422 lutata
1391 1386 1562 1433 reliquit,
1587 1385 1668 1420 satis
1696 1384 1775 1420 sunt
1798 1384 1838 1419 ad
1867 1384 2009 1431 opinio-

1254 1450 1332 1472 nem
1364 1449 1474 1472 meam
1506 1434 1730 1470 firmandam.
1761 1437 1885 1481 Neque
1913 1435 2009 1470 enim

1254 1486 1382 1527 Cicero
1410 1485 1608 1533 scripsisset,
1640 1498 1698 1518 non
1725 1495 1791 1519 tam
1816 1487 2009 1530 praeclarum

1254 1535 1309 1582 effe
1339 1536 1417 1581 scire
1447 1535 1584 1577 Latine,
1614 1547 1707 1581 quam
1741 1545 1830 1581 turpe
1866 1534 1976 1578 nescire
1990 1547 2011 1577 ;

1254 1600 1365 1635 neque
1392 1585 1543 1622 Ovidius
1572 1584 1741 1621 Romanis
1777 1584 1897 1620 auffior
1927 1584 2013 1620 fuis-

1255 1637 1326 1681 set,
1351 1646 1389 1673 ut
1414 1638 1558 1681 Linguas
1579 1638 1660 1670 duas
1686 1634 1896 1675 ediscerent,
1921 1634 1943 1670 fi
1968 1634 2010 1670 ad

1255 1688 1422 1724 Latinam
1450 1687 1542 1723 refile
1569 1686 1806 1733 assequendam
1836 1699 1903 1721 una
1938 1698 2012 1721 ma·

1255 1738 1320 1773 tris
1347 1747 1407 1774 aut
1437 1736 1585 1773 nutricis
1615 1736 1738 1771 Schola
1767 1735 1848 1771 satis
1876 1735 2011 1771 fuisset.

1257 1790 1381 1834 Neque
1407 1787 1544 1822 Auaor
1572 1786 1779 1821 Rhetoricae
1806 1785 1846 1819 ad
1876 1787 2012 1820 Heren-

1257 1838 1354 1874 nium
1383 1836 1597 1878 tradidiffet,
1625 1836 1774 1870 rationem
1796 1835 1930 1869 vitandi
1953 1838 2012 1869 50-

1256 1888 1407 1931 loect'smos
1428 1886 1474 1925 θ’
1493 1885 1731 1929 Barbarismos,
1751 1885 1784 1919 in
1798 1889 1883 1920 Arte
1897 1888 2012 1920 Gram-

1256 1939 1370 1973 matica
1395 1937 1533 1972 dilucide
1558 1935 1654 1981 disci.
1685 1935 1777 1970 Vide
1804 1935 1909 1970 etiam
1941 1937 2013 1971 Da-

1257 1989 1384 2025 nielem
1413 1986 1606 2035 Georgium
1636 1984 1852 2021 Morbofium
1881 1985 2011 2021 Virum

1257 2039 1348 2074 inter
1382 2040 1576 2073 Germanos
1613 2034 1881 2072 eruditiffimum
1902 2062 1912 2079 ,
1948 2035 2012 2083 qui

1256 2089 1293 2125 in
1330 2087 1509 2137 Opusculo
1550 2087 1592 2122 de
1629 2087 1821 2132 Patavinit.
1857 2085 2011 2122 Liviana

1257 2141 1368 2175 multa
1394 2139 1433 2174 ad
1462 2138 1528 2174 hoc
1555 2146 1797 2185 argumentum
1824 2135 2012 2184 congeffit,

1259 2190 1312 2226 uti
1333 2189 1370 2226 &
1392 2189 1573 2225 Bar-thium
1597 2188 1633 2223 in
1658 2186 1839 2223 Adversar.
1855 2187 1936 2223 Lib.
1957 2198 2012 2232 13.

1258 2239 1349 2287 Cap.
1371 2252 1426 2278 ι,
1449 2249 1488 2275 ut
1512 2239 1600 2274 alios
1624 2238 1810 2274 omittam.
1835 2237 1932 2283 Quid
1959 2237 2013 2272 ul-

1258 2290 1335 2327 tra?
1365 2289 1632 2337 QuinStilianus
1660 2289 1731 2337 ipse
1761 2288 1841 2324 Lib.
1868 2287 1895 2323 Ι.
1921 2284 2012 2332 Cap.

1262 2353 1319 2378 10.
1354 2341 1510 2383 fatetur,
1546 2340 1638 2375 aliud
1665 2338 1719 2385 effe
1746 2338 1885 2380 Latine,
1921 2335 2012 2370 aliud

1259 2396 1470 2427 Grammatice
1496 2390 1604 2437 loqui.
1642 2392 1688 2425 Et
1718 2387 1870 2436 profetsto
1900 2384 2011 2421 osten-

1260 2443 1340 2478 dere
1355 2442 1528 2490 poss'umus
1547 2439 1811 2486 Inscriptiones‚
1832 2435 1906 2483 ipso
1922 2438 2013 2472 cae-

1261 2492 1332 2530 sare
1359 2492 1516 2542 Augusto
1551 2490 1743 2538 imperante
1779 2486 1903 2537 positas
1941 2489 2011 2523 Ro-

1859 2550 1963 2577 mae·

470 2601 488 2617 ⁸
511 2602 549 2635 In
571 2602 627 2635 hac
649 2612 723 2634 vero
744 2603 882 2636 editione
904 2601 1002 2636 nostra
1024 2602 1058 2636 in
1081 2601 1182 2635 Tomi
1206 2600 1266 2635 IX.
1290 2602 1326 2635 P.
1350 2612 1377 2634 2.
1399 2610 1466 2641 pag.
1494 2609 1559 2633 100.
1581 2597 1614 2631 ὅτ.
1636 2597 1716 2639 seqq.
