2169 3047
390 240 471 281 347

378 287 450 331 Ego
478 285 572 319 Rubo
600 284 760 320 Diaconus
783 300 820 320 ex
842 297 933 333 parte
953 285 1001 320 ibi
1019 286 1093 330 fui.
1129 289 1161 323 A

376 337 448 381 Ego
475 338 661 382 Larapertus
689 337 848 371 Diaconus
875 337 922 372 ibi
945 337 1016 380 fui.

376 387 448 431 Ego
475 387 648 421 Aribertus
677 390 835 421 Diaconus
862 388 1011 430 interfui.

375 438 447 483 Ego
473 439 587 471 Petrus
613 437 829 472 subdiaconus
855 438 902 473 ibi
926 438 997 481 fui.

374 489 447 533 Ego
488 488 687 522 Radebertus
736 489 994 535 *Archipresbiter
1040 488 1088 522 in-

323 537 439 582 terfui.

373 590 445 634 Ego
468 588 678 622 Rodemrius
698 589 914 623 Subdiaconus
935 589 1086 632 interfui.

373 641 416 681 ³34
444 637 580 684 Signum
624 639 790 685 Digiverti
829 640 868 673 de
909 639 1089 686 Buciningo

321 688 452 731 interfui
467 715 475 723 .

371 739 588 785 Angelbertus
637 739 852 774 Subdiaconus
895 740 939 775 ad
983 739 1087 774 omnia

319 788 469 831 interfui.

369 842 442 885 Ego
469 839 637 874 Rt'cbert'us
663 839 803 874 Clericus
830 840 983 882 intes-fui.

369 889 555 924 odelbertus
583 891 741 925 Presbiter
768 892 814 929 &w
843 894 949 925 Custos
977 892 1083 926 Eccle-
1106 917 1111 965 Ι.

311 939 360 981 fie
385 941 499 976 Sanffli
541 941 730 980 Laurentii,
762 941 828 982 fita
869 942 1082 981 Brixianam,

318 991 450 1034 interfui
465 1018 474 1026 .

370 1044 423 1076 Ex
452 1042 516 1077 hac
554 1040 671 1077 eadem
711 1040 847 1077 Charta
887 1041 1080 1085 habemus,

313 1091 583 1139 anticipandum
612 1092 678 1127 effe
705 1091 912 1139 Episcopale
955 1105 1079 1127 munus

317 1143 491 1176 Benediflo
532 1141 728 1182 Cremonensi
771 1143 928 1184 Anttstiti
973 1127 1106 1194 citius!

316 1193 421 1239 quarn
451 1192 615 1240 opinatus
642 1191 749 1227 fuerit
771 1192 976 1240 Ughellius.
1007 1195 1077 1228 De—
1101 1204 1103 1222 =

314 1241 480 1278 fideratur
507 1252 623 1278 autem
652 1242 725 1277 dies
744 1243 776 1277 ὃ(
800 1242 921 1278 mensis
946 1243 983 1278 in
1009 1243 1076 1279 hoc

315 1294 477 1329 Placito.
508 1292 645 1328 Indifiio
671 1293 946 1339 Quintadecima‚
988 1307 1075 1341 quae

312 1342 392 1379 heic
422 1353 656 1387 memoratur,
699 1343 830 1390 speE‘tat
857 1344 898 1378 ad
928 1346 1073 1380 Annum

311 1395 540 1431 MCCCLII.
578 1393 682 1441 usque
718 1394 759 1429 ad
799 1394 973 1430 Kalendas
1015 1398 1073 1431 Se—

311 1445 481 1492 ptembris
498 1472 507 1480 .
551 1445 613 1479 Sed
651 1443 740 1479 mihi
768 1444 947 1480 dubitatio
975 1444 1072 1493 supe-

306 1495 404 1540 ·rest,
442 1509 525 1532 num
566 1494 740 1530 Kalendas
780 1495 930 1543 ejusdem
974 1509 1071 1531 men-

306 1545 348 1581 fis
391 1546 523 1582 Charta
565 1544 760 1592 conscripta
814 1544 946 1588 fuerit,
994 1559 1068 1593 quo

429 1596 562 1631 Ind18i0
603 1597 673 1630 XV.
711 1594 884 1630 indicaret
920 1597 1066 1631 Annum

306 1595 384 1631 casu

650 225 1086 285 ANTIQUJT.
1131 223 1396 271 MEDII
1436 225 1642 269 AEVI

1199 284 1248 320 cis
1277 286 1464 321 caussarum
1494 299 1533 322 ac
1561 285 1683 321 litium
1713 245 1964 335 disput3ationi-

1198 335 1279 371 bus.
1302 339 1425 384 Neque
1452 337 1546 373 enim
1567 346 1640 372 tam
1665 336 1770 373 facile
1795 338 1960 386 cuiquam

1196 387 1355 429 Judicurn
1377 387 1445 423 fuit
1466 388 1506 423 ad
1528 388 1674 436 alicujus
1696 387 1852 424 favorem
1874 402 1960 424 con-

1197 445 1248 472 tra
1289 438 1477 485 aequitatis
1527 438 1704 475 rationem
1757 439 1958 484 inclinare,

1195 486 1268 535 ipso
1308 489 1470 535 Principe
1506 489 1650 525 vidente
1687 503 1727 525 ac
1767 490 1956 530 audiente,

1167 545 1294 593 {quem
1327 538 1479 586 justitiae
1506 548 1660 575 tutorem
1691 541 1818 588 Populi
1851 541 1960 589 respi-

1168 596 1170 623 ξ
1195 588 1332 622 ciebant
1348 617 1356 630 ,
1382 590 1415 623 δε
1438 588 1640 624 Confiliarii
1663 590 1756 626 reSta
1779 591 1958 627 suadentes

1167 631 1170 692 l
1195 637 1384 684 stipabant.
1416 638 1491 673 Post
1517 638 1749 687 Imperatores
1778 654 1816 676 ac
1847 643 1956 689 Reges

1166 688 1326 734 {primus
1363 689 1515 736 justitiae
1554 689 1710 726 minister
1745 700 1819 726 erat
1849 693 1958 726 Comes

1131 738 1168 785 B:
1192 739 1283 772 sacri
1309 740 1458 778 Palatii,
1487 739 1549 787 qui
1583 740 1717 776 Placita
1755 741 1956 782 indicebat,

1165 786 1168 829 Ι
1192 801 1411 836 quacumque
1435 789 1471 824 in
1499 800 1594 838 parte
1617 792 1727 840 Regni
1754 791 1874 828 Italici
1901 792 1956 828 fo-

1191 848 1268 875 ret.
1312 841 1596 876 Beneventanum
1636 845 1811 878 Ducatum
1857 844 1956 879 exci-

1192 889 1274 936 pio,
1314 891 1351 925 in
1380 904 1484 938 quem
1513 891 1661 927 minime
1689 893 1861 929 affirmare
1889 908 1950 930 au-

1191 940 1277 984 deo,
1322 941 1544 989 Magistratui
1573 942 1654 977 huic
1684 944 1827 990 aliquod
1855 943 1954 981 fuiffe

1190 990 1266 1037 jus.
1306 991 1401 1026 Tum
1440 991 1477 1027 in
1518 991 1766 1029 Differtatione
1796 995 1876 1030 VH.
1914 998 1953 1029 de

1188 1041 1362 1075 (fomitibus
1392 1042 1538 1085 Palatii,
1569 1053 1641 1078 tum
1672 1044 1708 1078 in
1739 1044 1952 1091 Antiquita-

1187 1090 1253 1125 tib.
1282 1091 1442 1127 Estenfib.
1483 1093 1605 1128 multis
1634 1095 1806 1142 exemplis
1834 1096 1950 1142 palam

1187 1139 1253 1175 feci
1273 1168 1282 1184 ,
1326 1151 1475 1188 quantus
1505 1141 1595 1178 foret
1622 1144 1808 1191 dignitatis
1847 1146 1950 1191 hujus

1186 1189 1367 1235 splendor.
1396 1191 1429 1227 Is
1458 1193 1512 1227 vel
1541 1193 1616 1241 ipso
1642 1196 1756 1241 Rege,
1784 1194 1852 1230 s1ve
1879 1196 1951 1231 lm-

1187 1251 1342 1288 peratore
1371 1242 1566 1288 praesente,
1593 1245 1737 1293 judiciis
1766 1256 1943 1296 praeerat;

1184 1305 1294 1339 eoque
1317 1293 1490 1340 praesente
1511 1303 1703 1330 ceterorum
1731 1297 1839 1344 Regni
1861 1299 1945 1332 Pro-

1185 1355 1300 1377 cerum
1339 1343 1526 1379 auffioritas
1564 1346 1727 1382 cedebat.
1765 1347 1822 1382 Ad
1863 1348 1946 1383 haec

1185 1394 1420 1428 Marabionibus
1448 1396 1479 1429 8<
1514 1396 1649 1429 Ducibus
1680 1397 1812 1432 Placita
1838 1397 1944 1434 habe-

1181 1456 1238 1485 re,
1266 1445 1298 1478 8<
1329 1444 1577 1479 controversias
1610 1447 1732 1492 Populi
1776 1447 1942 1483 dirimere

1179 1506 1248 1527 non
1278 1494 1407 1528 licebat
1435 1493 1569 1538 solum,
1608 1495 1661 1530 sed
1690 1498 1796 1531 etiam
1828 1497 1940 1534 veluti

1178 1543 1401 1579 necessarium
1433 1557 1555 1580 munus
1584 1546 1856 1596 injungebatur;
1886 1548 1942 1584 id-

1152 1596 1243 1639 lque
1289 1594 1384 1630 intra
1421 1595 1506 1631 fines
1546 1597 1717 1632 duntaxat
1760 1600 1940 1644 Ducatus,

304 1648 515 1682 MCCCLI.
547 1644 717 1681 Ceterum
746 1658 833 1692 quae
861 1645 948 1681 olim
979 1646 1068 1683 foret
1107 1632 1154 1678 D‘
1177 1643 1244 1680 five
1274 1644 1456 1681 Marchiae
1484 1646 1533 1682 eis
1554 1648 1837 1684 commendatae:
1869 1663 1939 1685 non

303 1697 508 1737 Comaclenfis
558 1696 717 1730 civitatis
768 1696 907 1732 fortuna
931 1725 941 1740 ‚
984 1696 1066 1732 hinc

303 1757 383 1794 apte
411 1745 671 1794 intelligimu33
700 1746 778 1781 illic
807 1747 901 1781 enirn
927 1747 1064 1783 Salinae

301 1797 529 1840 exsistebant,
566 1810 584 1831 e
621 1797 746 1843 quibus
775 1798 886 1832 Salem
928 1798 1063 1845 reliqua

300 1847 614 1895 Langobardorum
643 1846 740 1893 regio
777 1845 1061 1892 circumpadana

300 1898 464 1945 accepiss'e
493 1896 654 1939 videtur,
683 1896 734 1930 uti
763 1897 796 1930 ὅ(
825 1910 867 1931 ex
897 1897 967 1942 ipia
996 1898 1058 1933 Ci—

298 1948 411 1984 vitate
439 1961 509 1982 non
552 1959 675 1995 paucas
713 1959 860 1981 merces.
903 1946 1059 1984 Consule

297 1998 395 2047 supra
427 1997 711 2032 Differtationern
744 1999 838 2032 xlx.
865 2000 904 2031 de
939 2000 1057 2032 Tribu-

296 2049 358 2089 τῖε,
399 2049 433 2084 &
464 2047 563 2083 valde
591 2047 731 2096 quidem
762 2048 1056 2084 commendandus

295 2098 365 2134 suit
392 2112 509 2135 eorum
540 2108 737 2146 temporum
767 2111 865 2141 mos,
894 2111 965 2146 quo
988 2101 1054 2134 Re·
1082 2093 1122 2142 ,Ε

296 2163 350 2196 :ges
379 2148 416 2184 &
446 2148 592 2195 Augusti
620 2147 681 2192 ipsi
711 2161 779 2182 non
809 2162 904 2183 aures
941 2148 1051 2184 solum

294 2199 452 2245 praebere
492 2197 744 2233 consueverunt
785 2198 950 2245 justztiam
992 2213 1052 2244 po-

292 2249 487 2294 scentibus,
516 2248 571 2284 sed
599 2249 706 2286 etiam
734 2248 893 2284 interesse
933 2249 1050 2298 publi-
1076 2241 1089 2277 l

1175 1695 1268 1730 enim
1298 1706 1396 1733 extra
1424 1696 1474 1731 fas
1501 1695 1589 1733 fuit.
1637 1700 1847 1747 Exemplum
1885 1714 1938 1736 res

1175 1747 1376 1793 pervulgata
1403 1748 1551 1782 minime
1572 1748 1749 1796 posceret3
1779 1759 1934 1785 attamen

1173 1809 1282 1830 unum
1313 1796 1441 1831 adferre
1471 1797 1566 1842 juvat
1603 1798 1769 1833 Beatricis
1808 1799 1935 1835 Comi-

1171 1846 1267 1882 tiffae
1293 1847 1326 1881 ἃ
1358 1847 1516 1881 Duciss'ae
1557 1847 1729 1890 Tusciae,
1766 1849 1858 1896 quod
1887 1863 1931 1886 ex

1170 1896 1384 1944 autographo
1413 1896 1578 1932 existente
1605 1898 1642 1932 in
1674 1898 1833 1934 Archivo
1865 1913 1929 1936 no-

1170 1946 1325 1982 biliffimi
1357 1947 1563 1982 Nosocomii
1603 1948 1755 1984 Senensis
1784 1950 1928 1987 Sanffiae

1166 1995 1304 2032 Mariae
1331 1998 1371 2032 de
1401 1998 1497 2033 Scala
1526 1997 1703 2045 descripsit
1721 2026 1730 2038 ,
1758 2000 1839 2035 dum
1871 2001 1930 2036 vi-

1166 2048 1289 2086 vebat⁴
1318 2046 1355 2083 ὃ(
1384 2048 1424 2082 ad
1448 2061 1500 2083 me
1530 2048 1621 2084 mifit
1651 2050 1829 2086 Hubertus
1858 2052 1925 2087 Be-

1164 2098 1408 2145 nevoglientus
1431 2098 1602 2134 Patricius
1625 2099 1775 2136 Senenfis
1790 2129 1798 2144 ,
1820 2115 1924 2149 quem

1164 2151 1271 2182 Anno
1309 2150 1626 2186 MDCCXXXHI.
1663 2150 1786 2188 invida
1826 2164 1921 2189 mors

1165 2197 1297 2235 sustulit
1313 2224 1323 2235 .

1792 2604 1871 2639 Pla<
