2169 3047
216 186 293 221 261

472 169 840 215 DiSSERTATJO
872 167 1444 212 JRJGESIMASECQNDA
1464 202 1474 214 .

1643 186 1726 230 452

205 232 375 284 Appofite
402 240 523 267 contra
550 229 591 265 ad
619 228 686 263 hoc
722 227 833 276 ipsum
864 241 917 264 ar—
958 231 988 264 A
1025 237 1077 263 tra
1105 226 1292 264 Lthorem
1321 229 1461 264 moror?
1504 232 1693 269 Oculatum
1738 243 1791 270 tc-

152 294 356 335 gumentum
385 282 507 318 attulit
534 280 625 317 idem
655 278 798 337 Clariss.
823 281 915 314 Fon-

153 336 308 373 taninius
335 333 564 381 Epitaphium
593 333 759 379 Gregorii
784 333 828 365 V.
853 333 913 366 Pa-

154 401 239 436 pae,
268 385 327 422 ubi
353 385 383 420 is
411 383 568 419 dicitur:

941 413 945 464 l

203 462 282 508 Usus
309 460 529 507 francigena,
567 457 723 506 Vulgari,
762 456 808 496 ό*
845 466 944 493 voce'

304 512 425 546 Latina
444 539 453 555 ,

200 562 347 606 Instituit
370 562 500 610 populos
526 561 645 609 eloquio
671 560 808 608 triplici.

153 641 249 675 Tum
279 638 397 680 addit,
438 637 537 674 fuisse
564 637 625 685 qui
653 650 716 685 pro
743 637 915 683 francige-

152 704 217 730 na,
254 690 309 725 sed
347 702 545 737 perperam,
582 690 744 734 legerunt
780 687 913 721 Frznci-
959 685 995 720 3²

146 741 200 785 sca
210 754 230 783 ;
249 740 362 787 iisque
382 739 598 788 temporibus
621 738 793 774 vocabulo
809 740 914 772 Fran-

153 791 260 838 cigena
287 790 480 835 designatos
508 790 693 834 Teudiscos‚
736 788 791 824 seu
829 790 914 823 Ger-

150 854 299 882 manos,
346 841 609 877 Teutonicosve
630 868 639 877 .
694 839 757 875 Sed
809 839 944 876 miror·

151 905 216 939 ego
234 917 243 931 ‚

151 942 272 978 denter
299 942 472 982 affirmet,
500 942 577 978 illic
599 941 669 989 legi
693 942 916 987 Frumigena,
941 943 944 978 l

153 1001 258 1039 atque
285 994 323 1028 ε’ἒι
350 992 391 1028 de
419 993 529 1028 caussa
559 992 750 1028 censoriam
780 992 914 1039 virgam

151 1042 213 1078 fibi
240 1043 276 1078 in
298 1044 386 1078 alios
410 1043 641 1083 arripiendam
665 1042 858 1076 censuerit.
882 1042 915 1077 Is

152 1093 274 1138 utique
313 1106 375 1140 pro
403 1093 459 1127 sua
490 1092 661 1127 sententia
689 1092 913 1127 Cardinalem

149 1141 339 1178 Baronium
389 1142 521 1178 adferre
574 1141 692 1189 potuit
716 1168 725 1176 .
782 1144 914 1178 Verum

151 1193 319 1237 Francifira
346 1192 449 1228 habet
479 1192 714 1239 Du-Cangius
743 1192 778 1228 in
801 1194 914 1229 Gloss.

150 1243 192 1279 ad
221 1256 342 1280 vocem
372 1245 557 1285 francisci,
586 1243 817 1292 Epitaphium
849 1245 915 1280 hoc

151 1294 314 1330 laudans.
342 1295 546 1331 Leibnitius
575 1308 714 1342 quoque
751 1296 857 1330 Tom.
887 1298 911 1331 1.

150 1357 226 1393 pag.
251 1346 334 1392 376.
362 1346 488 1393 Script.
524 1346 706 1381 Brunsvic.
742 1359 784 1381 ex
822 1346 912 1382 anti·

151 1409 221 1441 quo
247 1396 491 1443 Compilatore
504 1395 806 1432 Hamerslebiense
821 1397 914 1432 idem

154 1445 385 1493 Epitaphium
426 1446 574 1482 referens
626 1445 770 1481 exhibet
815 1448 916 1482 nobis
938 1463 941 1470 ·

156 1497 228 1540 usus
256 1497 425 1538 Francifca
442 1521 451 1535 ,
491 1497 652 1541 Vulgari,
680 1495 727 1535 &¹
754 1510 824 1530 voce
851 1501 917 1532 La-

154 1548 245 1582 tina.
288 1546 415 1592 Quid?
460 1542 564 1595 quod
586 1549 703 1583 Petrus
731 1546 890 1582 Manlius
909 1575 917 1589 ,

154 1596 223 1633 five
251 1598 421 1638 Mallius,
451 1598 512 1646 qui
542 1597 600 1633 sub
623 1597 828 1633 Alexandro
856 1597 919 1633 III.
939 1596 985 1651 {D

154 1647 275 1684 floruit
293 1676 303 1693 ‚
331 1647 368 1684 &
398 1659 627 1685 monumenta
654 1648 819 1684 Bafilicae
847 1651 915 1683 Va-

154 1699 291 1734 ticanae
320 1700 489 1748 collegit,
525 1700 620 1735 edita
662 1713 679 1734 a
707 1697 918 1734 Clariffimis

152 1750 220 1783 PP.
243 1751 318 1784 Soc.
338 1749 415 1790 Jesu
440 1749 749 1798 Antuerpienfibus
774 1750 812 1784 in
835 1749 919 1785 Αξὶ.

154 1799 268 1835 Ξεηξὶ.
289 1801 396 1836 Tom.
418 1802 503 1837 VII.
532 1814 606 1849 pag.
631 1813 689 1848 37.
717 1814 786 1836 non
816 1801 919 1837 aliter

151 1849 298 1895 scribit,
334 1850 490 1887 eamdem
543 1851 753 1900 epigraphen
793 1852 918 1898 produ-

152 1914 255 1945 cens,
300 1902 405 1949 quarn
448 1902 520 1947 usus
561 1903 749 1947 Francis-ui.
794 1906 918 1951 Neque

155 1951 259 1987 aliter
286 1952 443 1987 eamdem
471 1953 682 2002 epigraphen
710 1954 799 2002 legit
820 1957 912 1990 Onu-

156 2001 275 2049 phrius
297 2002 512 2047 Panvinius‚
540 2004 602 2052 qui
624 2004 754 2050 primus
783 2005 820 2040 in
844 2008 918 2041 No-

153 2051 201 2087 tis
228 2052 270 2087 ad
298 2052 402 2088 Vitas
432 2056 670 2091 Romanorum
702 2056 916 2092 Pontificum
960 2049 987 2082 E

154 2115 172 2138 a
225 2103 365 2139 Platina
408 2103 549 2154 scriptas
604 2107 765 2143 Veneriis
811 2111 919 2143 Anno

159 2154 267 2198 1562.
294 2155 491 2203 evulgatis,
533 2157 683 2203 protulit
710 2159 783 2203 usus
815 2161 919 2194 Fran-

153 2205 255 2248 ciscd.
284 2204 384 2240 Paria
411 2205 517 2241 habet
543 2207 732 2257 Torrigius
769 2209 807 2246 in
836 2209 916 2246 Lib.

151 2256 233 2289 delle
255 2255 340 2299 sacre
367 2259 474 2290 (ἶνα-ηε
502 2257 670 2294 Vaticane.
699 2261 772 2296 Hic
800 2272 914 2296 autem

154 2319 235 2354 prae
256 2306 379 2342 ceteris
401 2305 469 2342 fide
484 2306 609 2356 dignus
625 2309 786 2351 videtur,
810 2325 917 2358 quum

153 2356 306 2392 delefi‘ms
335 2357 442 2393 fuerit
469 2358 511 2394 ad
539 2359 760 2397 collocandas
803 2362 840 2397 in
870 2362 917 2397 sa-

155 2407 223 2444 cris
268 2407 417 2456 Cryptis
463 2408 602 2445 decenti
657 2411 738 2447 loco
783 2413 918 2448 tabulas

157 2471 366 2495 marmoreas
394 2459 577 2503 inscriptas
606 2475 648 2498 ex
676 2462 822 2509 antiqua
851 2465 915 2499 Ba-

155 2508 247 2547 filica
277 2510 449 2549 Vaticana
475 2521 616 2550 erutas.
656 2514 721 2550 Sed
749 2514 834 2564 quid
863 2516 917 2552 ul-

951 1140 983 1175 C

1025 280 1104 314 stem
1133 278 1244 314 habeo
1271 278 1425 314 amicum
1454 293 1593 325 meum,
1630 284 1691 332 qui
1731 284 1790 322 in..

1026 329 1142 376 [ρεᾶο
1170 342 1342 365 marmore
1369 329 1445 378 ipso
1473 330 1514 366 ad
1543 344 1598 367 me
1629 333 1788 381 scripsit,

1024 380 1102 416 illic
1130 379 1200 430 legi
1229 381 1418 424 Francisca,
1461 395 1531 417 non
1568 386 1651 419 vero
1683 388 1789 421 Fran-

1023 431 1150 478 cigena.
1191 433 1276 477 Quo
1315 433 1490 468 vocabulo
1535 433 1608 469 veri
1650 435 1790 473 videtur

1024 481 1134 517 [imile
1171 481 1358 531 significari
1386 497 1428 518 eo
1455 483 1491 519 in
1519 485 1600 520 loco
1643 488 1790 522 Germa-

1023 532 1139 568 nicam
1169 535 1308 582 potius,
1351 535 1457 582 quam
1494 536 1671 572 Gallicam
1699 538 1790 574 Lin-

1024 597 1152 633 guam3
1195 584 1253 620 hic
1281 585 1375 621 enirn
1407 585 1573 623 Pontifex
1603 587 1702 636 supra
1728 602 1791 638 ap-

1025 636 1176 683 pellatur
1207 638 1336 683 Lingua
1365 638 1552 671 Teutonicus
1570 664 1579 673 .
1621 640 1790 675 Innume-

1024 686 1072 721 ris
1100 695 1213 722 autem
1244 688 1416 735 exemplis
1451 688 1600 724 ostendit
1638 689 1790 726 Hadria-

1026 750 1088 772 nus
1119 736 1272 774 Valefius
1299 739 1338 774 in
1361 738 1504 775 Notitia
1525 739 1723 776 Galliarum
1745 740 1789 777 ad

1026 801 1147 824 vocem
1178 790 1339 828 Francia,
1368 799 1440 825 tarn
1469 790 1651 833 Galliam,
1681 792 1789 839 quim

992 835 1249 884 {Germaniam
1289 840 1593 877 Transrhenanam
1631 842 1790 877 franciae

281 905 341 926 cur
368 891 584 927 dofflffimus
612 891 670 927 vir
695 900 768 925 tam
807 889 915 926 confi·
941 877 944 932 l
992 885 995 930 l

1025 889 1262 937 appellatione
1317 891 1406 926 olim
1458 891 1560 927 fuisse
1612 891 1787 936 donatas,

1025 953 1132 988 quum
1161 941 1226 977 illa
1264 942 1404 977 Francia
1430 942 1661 981 Occidentalis,
1703 943 1788 978 haec

1024 992 1197 1026 Orientalis
1234 993 1514 1040 appellarentur.
1551 994 1658 1028 Certe
1700 996 1791 1029 Gre-

1023 1042 1126 1090 gorio
1162 1045 1207 1077 V.
1236 1053 1333 1087 pater
1368 1042 1437 1078 fuit
1482 1045 1573 1077 Otto
1618 1045 1700 1079 Dux
1726 1056 1789 1079 na-

1025 1092 1123 1128 tione
1164 1092 1388 1136 Saxonicus,
1423 1095 1480 1128 vel
1521 1093 1788 1138 anconicus,

1022 1143 1084 1191 qui
1125 1142 1186 1178 diu
1222 1142 1259 1178 in
1288 1143 1394 1179 Italia
1422 1143 1575 1179 versatus
1603 1143 1670 1187 est,
1717 1157 1789 1192 quo

1023 1203 1181 1242 tempore
1208 1193 1391 1230 Marchiae
1422 1194 1587 1236 Veronensi
1609 1205 1788 1243 praeerat,

1022 1245 1075 1281 uti
1104 1244 1208 1281 fidem
1230 1244 1366 1282 faciunt
1391 1245 1598 1285 Dianam,
1628 1247 1788 1282 Annales

1023 1296 1330 1332 Hildeshemenses
1350 1324 1360 1341 ‚
1390 1295 1446 1333 s&
1489 1296 1788 1345 Chronographus

1023 1349 1132 1382 Saxo.
1169 1347 1267 1382 Mihi
1304 1347 1346 1383 de
1382 1347 1458 1396 ipso
1495 1347 1563 1383 erit
1600 1347 1712 1383 sermo
1749 1348 1789 1383 in.

1025 1398 1164 1434 Differt.
1204 1399 1300 1434 XLI.
1337 1399 1375 1432 de
1410 1399 1572 1433 Nominib.
1613 1400 1697 1444 Quo
1733 1407 1789 1434 ta-

1023 1461 1103 1484 men
1131 1448 1168 1483 in
1198 1449 1278 1483 loco
1305 1457 1428 1486 natus,
1455 1448 1695 1485 innutritusve
1714 1448 1789 1485 fue-

1023 1499 1071 1535 rit
1099 1499 1289 1547 Gregorius
1318 1501 1362 1533 V.
1383 1498 1494 1534 adhuc
1517 1497 1667 1535 fortaffis
1686 1499 1788 1546 igno-

1024 1558 1098 1584 tum
1121 1549 1187 1584 est.
1216 1549 1273 1583 Ad
1296 1561 1357 1583 nos
1379 1549 1472 1595 quod
1497 1549 1650 1592 attinet,
1679 1552 1789 1584 Fran-

1025 1599 1102 1641 cisca
1143 1598 1232 1633 olim
1270 1599 1444 1645 appellata
1474 1597 1543 1633 fuit
1571 1611 1642 1633 non
1670 1599 1788 1635 minus

1025 1647 1188 1690 Gallica,
1229 1661 1335 1696 quarn
1372 1648 1573 1684 Teutonica
1620 1648 1786 1697 Lingua,

1026 1698 1077 1733 uti
1125 1699 1233 1734 etiam
1270 1697 1504 1734 animadverti
1547 1700 1585 1734 ad
1624 1700 1788 1736 Ermoldi

1028 1749 1167 1797 Nigelli
1210 1747 1290 1784 Lib.
1327 1751 1354 1783 Ι.
1397 1750 1475 1784 Par.
1508 1751 1555 1784 Π.
1592 1750 1703 1785 Tomi
1740 1749 1787 1786 Π.

1029 1803 1107 1835 Rer.
1149 1799 1264 1835 Italic.
1317 1797 1554 1846 Du-Cangius
1607 1801 1790 1844 franciscos

1027 1860 1165 1886 tantum
1194 1850 1389 1896 appei‘laros
1416 1849 1512 1885 fuiffe
1541 1850 1664 1885 Gallos
1696 1850 1790 1886 arbi-

1027 1911 1164 1937 tratur.
1204 1902 1268 1937 Sed
1310 1900 1471 1936 Ermoldi
1500 1901 1615 1936 versus
1640 1900 1791 1937 omnino

1028 1951 1253 2001 persuadent,
1282 1953 1476 1987 Germanos
1504 1965 1643 2000 quoque
1671 1951 1790 1988 eadem

1030 2016 1115 2038 voce
1162 2002 1250 2037 olim
1293 2001 1508 2051 designatos,
1548 2016 1658 2051 quum
1694 2003 1792 2038 idem

1030 2051 1136 2088 fuerit
1165 2053 1376 2098 franciscus,
1417 2055 1448 2089 8<
1479 2056 1649 2089 Francus.
1684 2052 1793 2100 Quod

1031 2114 1148 2139 autem
1176 2103 1360 2140 contendit
1387 2105 1629 2152 praelaudatus
1660 2107 1792 2140 Fonta-

1032 2154 1175 2199 ninius‚
1205 2153 1264 2190 sub
1291 2156 1507 2201 francigenae
1534 2155 1679 2191 nomine
1703 2157 1792 2190 Ger-

1032 2219 1153 2241 manos
1188 2205 1360 2241 duntaxat
1389 2206 1538 2250 venisse,
1579 2206 1614 2241 id
1650 2206 1713 2242 ille
1740 2205 1793 2241 sae

1033 2269 1074 2291 ne
1102 2256 1192 2292 mihi
1213 2270 1282 2291 non
1307 2256 1544 2299 persuadebit.
1572 2260 1691 2303 Quum
1719 2259 1792 2292 Βο-

1032 2307 1115 2342 nizo
1144 2307 1181 2342 in
1209 2309 1296 2343 Vita
1323 2307 1512 2343 Mathildis
1534 2308 1617 2344 Lib.
1639 2310 1681 2343 ΙΙ.
1701 2306 1792 2354 Cap.

1033 2359 1169 2394 XVIlI.
1196 2360 1305 2394 Tom.
1324 2361 1369 2395 V.
1392 2361 1472 2395 Rer.
1491 2358 1572 2395 Ital.
1593 2357 1789 2408 scripserit:

1082 2461 1318 2508 francigenam
1336 2460 1472 2502 stratam
1490 2462 1592 2497 tenuit
1612 2466 1684 2497 Rex
1700 2489 1709 2505 ‚
1734 2472 1795 2508 pa-

1183 2526 1212 2548 ce
1236 2511 1387 2560 peraffla,
1712 2560 1721 2567 -

1615 2573 1743 2598 menn*
