2169 3047
254 239 338 281 903

248 335 323 375 tosio
345 338 389 369 da
411 331 628 369 Palmarium,
651 332 868 373 Ραίηιαίὶιινα,
888 335 954 366 Ρα-

248 385 400 424 malium‚
422 381 571 424 Palium‚
591 381 702 416 Palio.
724 382 819 417 Bone
841 384 955 421 Deus,

248 435 352 481 quam
390 431 492 466 facile
529 431 674 480 ingenio
701 430 761 466 suo
797 433 956 480 indulget

247 483 305 518 vir
332 481 472 518 doerus!
513 483 622 517 Nulla
650 481 828 517 dubitatio
862 482 955 517 futu-

248 546 285 569 ra
314 534 413 568 nobis
442 532 507 575 est,
533 533 619 579 quin
647 546 689 568 ex
717 533 851 568 Latino
878 535 956 567 Pal-

249 584 328 618 lium
364 582 542 618 effluxerit
580 583 705 619 Italica
743 596 813 619 vox
843 584 956 618 Palio.

251 636 390 669 Pannus
437 632 584 677 sericus,
625 647 709 669 auro
754 635 957 683 plerumque

250 684 445 720 intertexto
465 683 651 730 pretiosus,
666 684 853 720 barbaricis
868 695 957 720 tem—

251 735 393 784 poribus
421 735 524 769 Pallii
551 735 694 771 nomine
729 735 958 784 distingueba-

250 793 328 821 tur.
361 786 610 834 Du-Cangium
641 786 741 825 vide,
769 787 831 832 qui
863 786 960 821 testes

251 837 303 872 rei
331 837 526 883 complures
555 837 734 886 congerit.
763 836 868 882 Quod
899 836 960 871 isto

251 900 368 935 panno
397 887 551 934 (Drappo
577 888 683 923 etiam
715 887 960 936 appellabant)

253 947 397 973 ornetur
417 937 510 973 frons
533 939 651 974 altaris
665 967 674 982 ,
697 947 875 987 propterea
895 941 960 972 Pa-

252 987 319 1032 lio,
346 989 476 1031 Pallio,
501 990 672 1032 Palliotto,
699 1003 717 1024 a
744 990 846 1023 nobis
873 1000 961 1023 nun-

253 1049 419 1086 cupatur.
442 1041 694 1076 Umbraculum
719 1053 857 1087 quoque
877 1051 957 1085 qua-

253 1089 415 1129 dratum,
444 1092 499 1126 cui
538 1104 629 1126 nunc
667 1103 794 1126 nomen
824 1090 961 1124 Baldnc-

252 1140 343 1174 sbino
372 1141 446 1186 (ita
484 1141 613 1186 quippe
649 1141 843 1186 appellatus
882 1151 962 1185 pan—

251 1201 337 1227 nus,
366 1189 403 1222 in
434 1188 532 1224 Urbe
560 1189 716 1222 Baldacco
752 1187 821 1223 five
851 1189 948 1233 Baby

252 1238 335 1273 lone
360 1237 573 1287 fabricatus)
595 1239 688 1286 quod
709 1252 751 1274 ex
778 1239 854 1287 ipso
883 1251 957 1283 pan-

253 1301 301 1323 no
325 1287 577 1331 conficeretur,
598 1290 692 1322 Palio
715 1290 804 1324 olim
830 1288 962 1324 diE'tum

254 1337 344 1371 fuit.
375 1337 535 1382 Denique
570 1338 663 1383 quod
702 1338 894 1383 praemium
932 1350 964 1371 e-

255 1386 335 1435 quis
366 1385 559 1422 viffloribus
596 1387 632 1421 in
666 1387 775 1422 Circo
814 1400 964 1434 expone-

256 1446 377 1473 rentur
422 1439 618 1487 complures
664 1438 765 1472 ulnae
816 1436 964 1486 ejusdem

257 1487 364 1537 panni
402 1487 489 1536 (qui
528 1500 603 1522 mos
642 1487 752 1522 adhuc
788 1487 826 1522 in
867 1487 966 1522 [talia

257 1539 446 1588 perdurat)
483 1537 563 1574 ideo
600 1538 625 1571 il
661 1539 754 1572 Palio
790 1551 965 1585 nuncupa—

257 1598 334 1625 tum
373 1588 468 1629 fuit,
503 1588 543 1626 ἃ.
580 1587 735 1626 invaluit
775 1593 900 1624 Correre
934 1590 968 1624 al

257 1641 371 1676 Palio.

208 1691 409 1729 Passltamere.
439 1692 629 1727 Mendicans
653 1703 784 1740 panem.
813 1694 897 1728 Vox
925 1690 968 1726 est

259 1741 350 1790 apud
381 1743 487 1777 Italos
516 1744 718 1790 antiquata.
755 1742 841 1777 Vim
870 1742 967 1776 vocis

258 1792 409 1827 minime
436 1794 631 1840 assequutus
657 1793 703 1828 est
733 1792 968 1841 Du-Cangius

221 1882 224 1886 ,
258 1841 298 1878 in
338 1842 601 1879 Additamentis
637 1845 679 1878 ad
715 1844 862 1879 Glossar.
898 1845 966 1879 La-

259 1893 397 1929 tinum.
429 1897 601 1940 Superbum
635 1895 670 1929 ὃς
692 1894 822 1938 ferocem
856 1893 887 1929 is
915 1893 969 1929 in-

259 1951 490 1992 terpretatur.
511 1945 573 1980 Sed
595 1958 832 1993 quaecumque
853 1957 968 1980 exem-

261 1995 320 2043 pla
349 1994 480 2038 adfert,
509 1997 715 2039 Mmdimm,
742 2010 785 2030 un
817 1997 971 2030 Bit-hante

263 2044 479 2093 fignificant.
499 2045 614 2081 Addit
634 2046 718 2086 ille,
739 2046 887 2082 manasse
908 2059 970 2081 vo-

261 2097 426 2135 cabulum
467 2108 486 2131 a
525 2096 650 2141 Pado,
686 2096 865 2140 Passionis,
901 2109 972 2143 quo

263 2146 408 2182 nomine
436 2147 640 2194 compellati
675 2147 880 2183 Publicani.
909 2146 971 2182 Sed

263 2198 602 2246 praeterquamquod
640 2197 788 2234 minime
818 2197 972 2241 constat,

263 2246 417 2284 Parst'onis
451 2261 579 2283 nomen
616 2248 771 2283 inditum
809 2248 972 2283 Publica-

264 2299 341 2335 nis:
364 2299 417 2334 nil
436 2298 486 2334 rei
507 2298 551 2334 est
570 2299 753 2333 Publicanis
776 2311 855 2338 cum
876 2301 974 2333 Men-

267 2350 368 2385 dicis.
398 2351 573 2385 Ferrarius
598 2362 616 2384 a
641 2350 785 2383 Poltrone
810 2349 974 2385 arceffens

269 2397 357 2433 hane
384 2413 507 2436 vocem
535 2400 734 2444 Patroniere,
762 2412 832 2434 non
859 2400 975 2435 minus

271 2449 502 2486 confidentiae
515 2450 671 2497 prodidit
681 2476 690 2485 .
702 2451 890 2485 Poltroniere
907 2463 976 2485 non

273 2501 449 2535 Pultoniere
469 2510 587 2536 natum
615 2501 695 2536 inde
716 2500 850 2536 fuisset.
876 2502 977 2536 Prae—

228 2582 231 2583 .
273 2557 367 2590 terea
394 2551 535 2589 Francis
571 2559 643 2588 erat
670 2552 759 2590 olim
787 2552 978 2593 Paueoniaer,

543 219 908 266 DISSERTATIO
939 216 1478 265 TRIGESIMATERTJA:

248 288 302 319 At
326 282 510 331 Menagius
535 280 651 315 addit:
682 282 781 315 Credo
801 285 872 328 perh
896 281 955 327 pii,-
994 283 1028 317 A

1003 1190 1033 1224 C

1713 229 1768 266 06

1118 277 1211 326 quod
1248 275 1340 312 idem
1378 276 1424 311 est
1459 290 1498 312 ac
1534 239 1732 318 Pultonieffe.
1761 284 1827 320 Sed

1118 327 1277 376 nunquid
1320 340 1392 362 vox
1434 327 1573 363 Gallica
1614 332 1656 366 ab
1698 334 1827 372 Italico

1119 380 1264 415 Polerone
1290 378 1335 413 est
1362 376 1583 413 deducenda?
1621 382 1762 431 Apage.
1791 387 1829 425 A

1119 429 1233 466 Gallis
1260 429 1400 476 potius,
1424 441 1463 464 ac
1491 428 1674 477 praecipue
1698 446 1715 467 a
1743 436 1829 471 Pro..

1119 478 1355 523 vincialffius,
1383 492 1446 514 nos
1474 480 1638 527 accepisse
1669 481 1830 521 videmur

1120 531 1331 566 vocabulum
1360 529 1467 564 istud.
1497 529 1604 566 Unde
1634 534 1715 568 vero
1748 533 1829 572 illi?

1122 581 1250 618 Adhuc
1285 580 1468 629 ignotum.
1498 581 1539 616 In
1577 583 1696 628 Satyra
1735 586 1834 625 XVI,

1123 631 1255 668 Fratris
1284 630 1454 680 jacoponi
1492 632 1706 678 Tudertini,
1735 648 1835 672 com-

1124 682 1257 731 posita,
1295 683 1376 717 dum
1415 682 1453 717 in
1491 696 1624 719 carcere
1660 698 1702 720 ex
1746 686 1834 734 jussu.

1125 732 1302 769 Bonifacii
1340 734 1441 767 VIII.
1482 735 1592 781 Papae
1629 737 1834 783 conclusus,

1127 783 1326 829 Rhythmos
1367 783 1562 832 intrepidus
1608 785 1835 829 effundebat.

1126 836 1280 886 legitur3

1178 935 1280 973 Nobi!
1306 936 1391 982 tusca
1414 937 1452 972 di
1477 939 1631 976 Faltone-

1127 1037 1224 1074 Idem
1253 1039 1298 1075 est
1321 1041 1454 1075 Paltone
1477 1042 1510 1076 ὃ(
1534 1040 1731 1077 Ραίτοηίενε.
1759 1042 1837 1088 Qui

1129 1101 1147 1122 a
1175 1090 1308 1125 Latino
1335 1093 1488 1130 palme,
1518 1091 1608 1126 idem
1639 1092 1839 1140 fignifican-

1129 1145 1164 1172 te
1204 1151 1243 1172 ac
1284 1141 1443 1183 Pulsare‚
1484 1140 1667 1176 deduceret
1709 1155 1840 1178 nomen.

1129 1186 1196 1222 hoc
1214 1212 1223 1226 ,
1252 1187 1426 1223 hariolum
1455 1200 1570 1236 ageret
1599 1189 1636 1225 &
1665 1191 1761 1238 ipse.

1079 1241 1203 1273 Panca.
1233 1238 1325 1273 Vide
1354 1238 1451 1287 supra
1479 1242 1616 1275 Banca.

1077 1288 1216 1323 Pancia.
1237 1288 1370 1330 Infimus
1399 1292 1529 1324 Venter.
1552 1291 1726 1338 Scaliger,
1749 1292 1842 1328 Vos-

1129 1336 1218 1374 lius,
1248 1337 1439 1376 Nicotius‚
1467 1338 1681 1387 Menagius,
1711 1342 1742 1376 δε
1774 1343 1841 1380 alii.

1129 1399 1148 1421 a
1168 1389 1291 1420 Pantex
1311 1386 1444 1423 Latino
1471 1388 1652 1425 derivant.
1681 1393 1743 1426 Sed
1767 1406 1839 1429 non

1128 1434 1210 1472 satis
1238 1437 1418 1484 explorata
1455 1437 1665 1486 significatio
1701 1442 1745 1477 est
1776 1456 1841 1479 vo-

1129 1488 1244 1522 cabuli
1267 1488 1429 1523 Panticis.
1454 1490 1589 1525 Contra
1610 1492 1841 1531 certiffimum

1129 1538 1174 1573 est
1187 1565 1196 1579 ‚
1208 1537 1321 1573 Gallis
1333 1537 1397 1573 effe
1409 1540 1510 1583 Panse
1521 1564 1531 1579 ,
1544 1542 1673 1590 Anglis
1687 1546 1817 1580 Pauncb
1828 1571 1840 1590 ‚

1131 1588 1248 1636 Belgis
1276 1587 1408 1634 Panffe‚
1438 1588 1606 1637 Hispanis
1635 1596 1774 1639 Ραηξα,
1803 1596 1839 1631 8:

1129 1642 1258 1682 Pantz,
1277 1637 1344 1673 five
1365 1640 1501 1684 Pantsch
1516 1642 1719 1678 Germanis.
1741 1646 1841 1681 Tan—

1130 1697 1186 1725 tus
1228 1689 1513 1725 Occidentalium
1557 1690 1594 1728 δε
1637 1694 1840 1733 Borealium

1131 1740 1346 1787 Populorum
1372 1740 1409 1776 in
1435 1740 1535 1790 hujus
1556 1742 1654 1779 vocis
1675 1743 1734 1780 usu
1755 1759 1843 1782 con-

1131 1789 1272 1835 sensus,
1309 1801 1515 1839 argumento
1551 1793 1616 1829 effe
1657 1795 1766 1842 potest
1802 1810 1843 1833 ac

1131 1841 1259 1881 debet,
1294 1855 1312 1877 e
1340 1841 1481 1887 Celtis,
1519 1852 1578 1880 aut
1605 1857 1623 1880 e
1650 1846 1841 1883 Germania

1131 1892 1276 1942 potius,
1314 1892 1419 1940 quam
1456 1893 1618 1935 aliunde,
1654 1896 1842 1945 petendam

1132 1943 1196 1981 effe
1220 1942 1317 1979 illius
1342 1943 1537 1992 originem.
1564 1947 1611 1981 Et
1636 1947 1844 1997 praecipue,

1133 1993 1226 2042 quod
1254 1997 1377 2028 Pantex
1404 1996 1614 2032 vocabulum
1649 1996 1756 2035 fuerit
1785 2000 1844 2035 vel

1132 2043 1212 2092 ipsis
1239 2044 1382 2081 Latinis
1412 2058 1530 2092 parurn
1561 2046 1722 2084 ufiratum
1741 2073 1750 2087 ‚
1782 2062 1845 2085 ne-

1132 2094 1217 2130 dum
1253 2103 1309 2131 tot
1344 2094 1424 2131 aliis
1461 2095 1624 2145 gentibus
1661 2099 1703 2133 ab
1741 2098 1842 2136 Urbe

1133 2144 1289 2182 diffitis.

1082 2196 1212 2234 Pania.
1243 2194 1279 2231 Si
1307 2194 1386 2231 heic
1414 2195 1659 2236 subscribimus
1685 2199 1844 2238 608ὶίΗῖ-

1134 2245 1201 2283 mis
1224 2246 1454 2283 Vocabularii
1483 2249 1682 2286 Florentini
1707 2251 1844 2287 Αυέὶο-

1135 2297 1250 2341 ribus,
1273 2297 1394 2342 Viscum
1413 2297 1605 2346 fignificat.
1635 2303 1728 2336 Nata
1749 2315 1842 2342 vox,

1134 2347 1254 2395 inquit
1281 2349 1495 2396 Menagius,
1531 2351 1574 2384 da
1605 2351 1728 2395 Panis,
1765 2365 1843 2387 come

1128 2399 1164 2445 se
1185 2398 1217 2440 fi
1242 2398 1349 2445 diceffe
1375 2401 1492 2433 Gluten
1525 2400 1739 2445 farinarum,
1771 2413 1844 2449 per-

1134 2451 1185 2485 che}
1211 2450 1353 2494 appiccia
1389 2450 1514 2491 infieme
1542 2465 1561 2484 a
1593 2452 1687 2498 guisa
1713 2453 1750 2486 di
1781 2464 1844 2496 pa-

1129 2501 1202 2544 sta.
1238 2504 1386 2542 Ovvere»,
1421 2500 1569 2543 conforme
1594 2503 1628 2536 al
1659 2513 1766 2548 parere
1791 2504 1844 2537 del

1136 2551 1251 2598 Signor
1277 2550 1429 2591 firmari,
1453 2554 1496 2587 da
1520 2555 1655 2591 Panas:
1672 2555 1750 2595 ande
1776 2556 1845 2589 Pa.

1748 2615 1793 2640 na
