2169 3047
175 225 225 264 30
236 224 250 249 1
462 199 828 245 DISSERTATJO
860 201 882 242 Ἰ
896 198 1357 243 ΚΙΘΕΞΙΜᾹΡΜΜΑ
1369 228 1379 239 .
1594 218 1646 257 30
1659 220 1671 243 3

116 270 148 301 ,ὁ
166 294 175 309 ,
203 264 264 306 m'st'
288 265 327 298 de
354 263 550 308 ingenuitate
567 287 577 304 ‚
604 270 662 295 aut
686 260 726 293 de
751 259 873 292 heredi·
906 262 941 296 A
1025 258 1122 294 Hinc
1150 269 1264 294 autem
1295 266 1391 292 certo
1419 255 1583 294 habemus
1601 287 1611 304 ‚
1654 262 1733 296 Pla—

115 328 202 359 ntae,
230 328 289 349 non
311 313 355 354 fit
381 323 456 356 opus
483 311 662 355 observare.
694 312 743 344 De
772 310 875 343 ceteris
899 349 900 352 Ἰ

117 380 189 401 vero
215 365 321 410 cauffis
347 375 401 409 per
426 361 652 404 distrifflionem
679 360 812 395 Comitis
833 361 876 394 ad
898 371 900 387 i

117 417 260 452 Mallum
286 414 441 449 veniant.
478 415 555 448 Lex
586 420 678 446 certe
704 409 846 445 obscura
865 437 876 454 ‚

113 481 158 503 ex
206 479 272 514 qua
319 474 436 500 tamen
480 463 657 498 lublucere
709 460 876 504 videtur,

117 527 252 566 praeter
291 515 374 551 duas
417 513 543 549 cauffas
585 512 719 548 licuisse
747 520 875 547 ceteras

117 568 159 603 ad
190 567 341 602 Mallum
370 565 557 601 deducere.
605 565 642 598 In
687 565 878 609 Praecepto

119 617 300 655 Ludovici
331 616 387 652 Pii
415 616 502 663 apud
533 614 717 650 Baluzium
756 615 877 649 Tomo

119 671 166 704 11.
196 681 270 716 pag.
300 678 382 712 550.
420 666 616 715 Capitular.
644 664 727 699 haec
768 664 876 698 etiam

117 727 325 754 occurrunt:
355 720 420 751 Pro
445 716 616 760 majoribus
643 714 762 756 causis,
797 713 878 755 ficut

113 770 190 815 sunt
217 767 403 810 homzchlia,
441 777 570 812 raptus,
612 764 756 799 incendia
776 791 787 807 ,
825 767 877 798 de-

116 820 334 864 praedationes
353 841 364 857 ,
400 818 600 851 membrorum
626 815 878 862 amputationes,

114 870 227 914 furta,
264 867 452 906 latrocinia,
488 867 665 901 alienarum
699 879 799 900 rerum
826 864 878 899 in-

120 920 287 961 vasiones,
324 918 370 957 &⁴
408 919 616 963 undecumque
651 931 671 952 a
697 917 802 950 vicino
823 916 880 961 suo

122 980 179 1006 aut
205 969 412 1004 criminaliter
437 979 493 1003 aut
520 967 660 1002 civiliter
689 967 789 1011 fuerit
828 980 880 1002 ac-

123 1034 158 1055 cu
174 1031 268 1059 atus,
295 1019 337 1052 (9¹
364 1020 407 1053 ad
433 1020 590 1052 Placitum
626 1017 734 1052 venire
760 1015 880 1062 iuffus,

123 1072 167 1106 ad
192 1069 326 1104 Comitis
355 1069 411 1113 sui
437 1069 581 1102 Mallum
614 1067 799 1101 omnimodis
825 1080 881 1101 ve-

122 1121 190 1155 nire
216 1133 275 1153 non
302 1118 438 1162 recuset.
476 1117 568 1153 Heic
605 1117 770 1152 habemus
798 1130 883 1152 con-

125 1169 198 1206 fusa
225 1169 326 1204 fimul
364 1168 509 1204 nomina
544 1168 650 1203 Malli
677 1169 708 1203 8<
738 1168 883 1208 Plaeiu',

123 1233 233 1269 quum
261 1219 298 1255 in
326 1220 495 1255 ambobus
522 1219 678 1255 excussae
699 1218 885 1255 videantur

123 1284 197 1308 non
224 1271 378 1306 minores
408 1271 542 1306 tamum
560 1294 571 1310 ‚
614 1269 668 1305 sed
706 1268 744 1305 ἃ
773 1270 885 1318 majo-

126 1335 179 1358 res
207 1321 357 1357 caussae.
388 1322 559 1357 Attamen
589 1320 785 1356 consentire
806 1334 885 1356 cum

127 1371 279 1408 veritate
307 1381 393 1419 puto
436 1371 645 1419 propofitam
675 1384 783 1418 nuper
812 1371 887 1407 sen-

126 1423 303 1469 tentiam3
332 1423 543 1468 quamquam
567 1422 742 1457 interdum
769 1423 889 1457 Placiti

132 1484 262 1508 nomen
301 1481 374 1505 tam
413 1471 455 1506 ad
499 1471 656 1517 majora,
698 1472 802 1518 quam
847 1472 889 1507 ad

129 1521 269 1558 minora
297 1520 435 1564 judicia
462 1520 667 1568 defignanda
709 1520 891 1557 adhibere-

130 1580 213 1608 tur.
244 1573 282 1606 In
314 1573 408 1619 Lege
435 1571 701 1619 Langobardica
729 1577 790 1619 69.
818 1570 890 1607 Ca-

128 1622 198 1659 roli
241 1621 388 1670 Magni:
442 1622 576 1667 Ingenui
625 1622 760 1656 homines
802 1623 892 1657 nulla

132 1674 263 1709 Placita
289 1672 458 1714 custodire,
486 1671 551 1706 hoc
580 1671 623 1707 est
652 1673 692 1707 ad
722 1685 761 1708 ea
788 1672 892 1708 adve-

134 1723 210 1758 nire
227 1746 238 1761 ‚
267 1732 460 1769 coguntur,
486 1721 645 1768 postquam
671 1723 731 1756 illa
750 1723 814 1756 tria
841 1736 893 1757 cu-

125 1771 293 1816 stodierint
321 1772 467 1810 Placita,
505 1784 583 1817 quae
619 1772 764 1814 instituta
796 1773 892 1816 sunt.

133 1825 241 1870 Supra
268 1834 351 1857 vero
380 1821 535 1857 vidimus
553 1849 563 1865 ,
600 1822 642 1857 ad
682 1823 768 1858 duos
797 1836 893 1869 prae-

133 1872 257 1909 sertim
318 1872 451 1908 Mallos
502 1871 676 1908 confluere
732 1873 893 1909 coaaum

135 1923 234 1959 fuiss‘e
266 1923 458 1970 Populum.
489 1925 527 1958 In
556 1925 651 1972 Lege
672 1924 893 1973 Langobard.

138 1986 198 2021 49.
228 1972 379 2020 ejusdem
406 1974 527 2010 Caroli
572 1974 809 2023 praecipitur:
854 1979 896 2011 Ut

136 2024 244 2058 nullus
283 2024 366 2058 alius
409 2027 447 2059 de
487 2025 594 2059 liberis
638 2027 816 2061 hominibus
853 2027 921 2072 ad¹

138 2074 298 2110 Placitum
314 2101 324 2117 ‚
349 2075 405 2109 vel
430 2078 475 2110 ad
501 2077 643 2111 Mallum
670 2077 779 2111 venire
805 2090 895 2124 coga-

138 2134 217 2163 tur,
257 2126 386 2171 exceptis
412 2126 558 2161 Scabinis
593 2128 636 2161 (9⁶
664 2128 761 2173 Vaffis
790 2128 895 2162 comi-

138 2184 226 2214 tum,
253 2174 314 2215 m'fi
340 2176 394 2222 qui
417 2177 505 2219 [uam
530 2177 652 2222 causam
678 2191 821 2224 quaerere
842 2180 897 2212 de-

141 2224 220 2268 bet,
265 2235 322 2260 aut
374 2227 570 2270 respondere.
621 2228 723 2264 Adde
764 2231 897 2278 Legem

143 2275 367 2324 Langobard.
402 2288 464 2322 41.
502 2278 679 2314 Ludovici
717 2279 796 2324 Pii,
838 2279 898 2315 ubi

142 2327 177 2361 in
204 2339 286 2361 anno
313 2327 376 2361 tria
407 2327 596 2371 solummodo
631 2330 793 2375 general&
819 2331 899 2365 Pla—

142 2377 206 2412 cita
233 2375 444 2412 observanda
484 2377 595 2412 liberis
630 2380 806 2414 hominibus
847 2380 902 2416 di-

142 2437 298 2476 cuntur3
338 2428 380 2461 Θ·
407 2428 514 2462 nullus
541 2441 588 2462 eos
613 2431 751 2475 amplius
776 2431 903 2469 Placita

145 2478 306 2524 observare
331 2479 520 2527 compellat,
546 2478 608 2522 m‘ss
634 2481 704 2517 &a

948 321 949 327 ¹
973 310 1034 344 cita
1058 311 1222 356 generalta
1249 308 1341 343 nihil
1361 307 1455 343 aliud
1481 308 1597 350 fuisse,
1627 312 1733 358 quam

948 357 1060 407 ssquae
1098 360 1184 395 alibi
1223 360 1333 394 Malla
1369 357 1437 394 five
1479 360 1585 393 Malli
1610 363 1729 409 appel-

973 413 1115 460 lantur-3
1144 411 1194 446 ita
1222 420 1262 446 ut
1289 410 1378 445 illud
1408 409 1590 458 praecipue
1619 411 1732 447 inter-

974 460 1100 497 ceffifl'e
1129 461 1290 497 videatur
1318 461 1410 496 inter
1438 460 1519 495 haec
1548 461 1617 496 duo
1644 463 1734 508 judi-

974 510 1028 548 cia
1047 540 1056 553 ,
1085 513 1176 560 quod
1205 526 1326 548 omnes
1353 511 1458 547 liberi
1488 511 1648 548 homines
1677 513 1734 548 in-

975 564 1092 599 ter-effe
1121 565 1244 599 Manis
1266 572 1494 613 cogerentur,
1523 576 1592 597 non
1614 574 1733 599 autem

977 615 1143 651 Placitis.
1184 617 1408 664 Quapropter
1450 615 1599 649 Carolus
1648 613 1734 650 ΜΘ,Ξ

975 680 1062 715 gnus
1089 666 1125 701 in
1155 666 1325 702 comitiis
1354 666 1441 713 apud
1474 663 1576 699 Pistas
1613 665 1733 701 decre-

976 717 1052 758 vit,
1081 726 1115 750 ut
1143 717 1243 750 vicini
1269 717 1405 751 Comites
1431 714 1611 761 (Urbium
1636 729 1734 751 nem-

977 781 1017 815 pe
1049 766 1244 815 Praesides)
1275 768 1308 802 in
1336 781 1399 802 una
1425 766 1498 809 die,
1528 765 1560 806 st
1578 765 1655 809 fieri
1679 777 1737 813 po-

976 817 1052 861 test,
1083 819 1224 852 Ilfallum
1251 832 1310 852 non
1331 827 1476 859 teneant,
1501 827 1625 863 propter
1640 816 1738 861 fran-

976 881 1021 903 cos
1069 869 1203 902 homines
1249 868 1295 906 &
1337 871 1524 903 ,Advocatos
1544 894 1553 910 ‚
1597 867 1650 913 qui
1691 868 1736 902 ad

977 929 1138 965 utrumque
1166 920 1309 953 Mallum
1337 931 1395 952 non
1423 915 1544 962 possunt
1571 930 1738 953 occurrero,

977 968 1208 1004 Interdiffium
1237 982 1376 1017 quoque
1405 967 1495 1006 fuit,
1533 980 1577 1002 ne
1604 969 1739 1003 Mallus

977 1020 1014 1055 in
1043 1019 1228 1066 Templis,
1272 1032 1438 1054 eorumve
1466 1017 1565 1053 atriis
1594 1017 1738 1054 habere—

978 1080 1067 1118 tur3
1109 1070 1230 1104 minora
1270 1074 1344 1103 ver)
1370 1070 1497 1103 Placita
1537 1070 1645 1102 Comes
1665 1068 1739 1109 five

952 1145 955 1151 .
979 1121 1065 1155 intra
1089 1119 1177 1163 [uam
1201 1120 1404 1164 potestatem,
1431 1119 1484 1154 vel
1511 1119 1565 1153 ubi
1590 1119 1740 1165 impetra-

979 1184 1009 1204 re
1043 1170 1205 1215 potuerit,
1244 1171 1368 1205 haberet
1391 1197 1399 1205 .
1442 1169 1662 1205 Meibomius
1699 1170 1738 1205 in

980 1221 1091 1257 Notis
1139 1220 1180 1256 ad
1227 1221 1516 1263 Witichindum,
1563 1219 1739 1256 Chartam

980 1271 1103 1308 Caroli
1141 1272 1264 1320 Magni
1313 1271 1446 1315 adfert,
1496 1270 1740 1307 constituentis

980 1325 1242 1358 Tru-tmannum
1272 1322 1458 1358 Comitem
1503 1321 1539 1356 in
1568 1322 1743 1361 Saxoni39

981 1384 1017 1408 ut
1042 1373 1173 1414 resideat
1202 1373 1235 1407 in
1262 1379 1358 1408 Curre
1377 1375 1420 1407 ad
1439 1383 1560 1416 campos
1580 1374 1613 1407 in
1634 1374 1743 1407 Mallo

978 1423 1125 1471 publico,
1159 1426 1202 1458 ad
1229 1424 1443 1468 universorum
1475 1423 1581 1467 causas
1608 1424 1743 1458 audien-

982 1475 1039 1509 das
1052 1501 1061 1516 ‚
1073 1474 1127 1508 vel
1142 1473 1224 1508 reHa
1238 1473 1361 1517 judicia
1376 1474 1592 1508 terminanda.
1611 1474 1744 1509 Eadem

985 1523 1129 1559 exhibet
1158 1526 1322 1559 Formula
1351 1524 1572 1570 Bignoniana
1597 1522 1687 1571 Cap.
1709 1525 1744 1559 6.

986 1573 1074 1613 apud
1105 1573 1311 1609 Baluzium.
1351 1574 1464 1621 Atqui
1503 1586 1573 1608 non
1615 1573 1744 1621 dispari

922 1617 957 1651 D
988 1621 1095 1672 phrafi
1114 1650 1123 1666 ‚
1152 1636 1275 1669 nempe
1303 1625 1346 1658 ad
1368 1623 1560 1671 singulorum
1587 1624 1748 1657 bominum

933 1711 953 1720 v
984 1673 1144 1718 justitiam
1180 1674 1360 1717 faciendam
1409 1689 1445 1709 ac
1484 1675 1746 1717 deliberandam,

989 1723 1112 1759 aliisve
1158 1723 1328 1759 fimilibus
1380 1724 1518 1767 verbis,
1561 1724 1750 1761 utebantur

989 1773 1203 1822 quicumque
1229 1775 1358 1809 Placita
1385 1774 1584 1819 habebant,
1613 1774 1665 1810 uti
1704 1788 1748 1810 ex

990 1823 1080 1859 infra
1117 1823 1326 1860 adducendis
1369 1826 1539 1870 exemplis
1587 1825 1749 1871 patebit,

992 1875 1136 1910 Mallare
1162 1875 1270 1910 etiam
1301 1885 1432 1911 veteres
1460 1876 1685 1924 appellabant
1712 1875 1752 1911 in

993 1926 1045 1975 jus
1075 1938 1223 1964 vocare,
1265 1939 1303 1961 ac
1332 1926 1477 1974 proinde
1518 1926 1680 1973 quamvis
1709 1926 1753 1961 ad

993 1975 1119 2011 Plaeira
1146 1975 1379 2013 adversarium
1420 1976 1578 2012 adcirent
1601 2005 1611 2020 ,
1647 1977 1754 2011 Malli

994 2026 1188 2075 appellatio
1233 2027 1430 2064 recurrebat
1452 2054 1460 2063 .
1514 2027 1753 2063 Animadver-

996 2076 1137 2113 tendum
1176 2091 1315 2126 quoque
1354 2077 1419 2118 est,
1462 2079 1631 2114 Carolum
1673 2079 1757 2113 Ma-

996 2139 1103 2177 gnum
1132 2127 1168 2162 in
1203 2131 1298 2178 Lege
1340 2129 1652 2178 Langobardorum
1693 2140 1757 2177 99.

998 2177 1205 2224 decrevisse,
1242 2192 1278 2215 ut
1320 2194 1414 2227 neque
1454 2182 1626 2219 Abbates,
1663 2192 1760 2226 neque

1000 2229 1182 2274 Presbyteri
1208 2230 1280 2270 &aa
1306 2235 1350 2266 ad
1374 2231 1501 2277 publica
1526 2232 1581 2264 vel
1607 2232 1651 2266 ad
1679 2233 1760 2264 Sae-

1001 2281 1121 2315 cularia
1148 2280 1269 2321 iudicia
1295 2282 1482 2317 trahantur.
1519 2283 1614 2317 Tum
1662 2282 1760 2328 Lege

1006 2341 1087 2367 120.
1115 2329 1234 2368 statuit
1261 2332 1351 2368 idem
1383 2331 1580 2380 Augustus:
1613 2335 1654 2367 Ut
1680 2333 1762 2366 Pla-

1003 2382 1065 2416 εἴη
1090 2381 1240 2425 publica,
1276 2384 1330 2417 vel
1369 2383 1573 2422 saecularia,
1614 2395 1708 2428 neque
1742 2393 1763 2415 a

1003 2432 1121 2466 Comite
1151 2446 1203 2467 nec
1228 2435 1268 2467 ab
1294 2433 1358 2466 ullo
1386 2432 1535 2473 Ministro
1556 2433 1613 2476 suo
1632 2432 1763 2475 walsu-

1004 2482 1093 2524 dice‚
1121 2497 1173 2518 nec
1200 2483 1232 2517 in
1261 2482 1427 2525 Ecclesir's‚
1456 2496 1508 2517 nec
1535 2483 1567 2516 in
1589 2482 1678 2516 terris
1698 2484 1764 2514 Ec-

1005 2532 1113 2575 ‹lefiae
1138 2544 1321 2570 teneantur,
1362 2534 1436 2569 Cur
1476 2532 1602 2581 quaeso
1632 2530 1766 2567 Placita

1648 2584 1717 2619 ‹Pu-
