2169 3047
217 210 301 249 449

472 188 785 235 DISSERTAT
784 189 839 231 10
873 186 1470 233 ’.ΠῖῙζῖΕὸἾΜΑ5ἙΟΖῙΝΙὶΑ.ι

164 256 292 289 Verum
321 265 408 299 quae
437 253 580 286 vulnera
617 248 677 283 sub
715 249 921 296 Langobar·
949 252 996 286 ιΑ

160 304 213 339 dis
241 303 375 339 infliffca
413 301 545 336 fuerint
581 309 682 334 antea
718 299 920 335 dominanti

161 355 322 402 Linguae
357 353 539 393 Latinae,
576 350 606 386 is
643 351 781 385 tantum
818 351 920 385 nobis

162 406 336 453 explicare
366 403 499 451 posset,
530 401 591 449 qui
628 400 673 436 iis
703 400 920 448 temporibus

160 455 286 490 vivens
323 454 511 489 memoriae
552 452 785 498 prodidisset,
823 452 920 499 quali

159 504 197 540 &
226 518 329 553 quarn
368 504 498 540 vitiato
535 502 691 538 sermone
728 513 812 538 tunc
849 504 919 537 Ita-

159 557 228 591 liae
267 555 387 604 populi
422 564 620 591 uterentur.
658 556 918 602 Incompertum

159 605 239 642 sane
266 606 335 647 est,
365 619 408 641 ne
435 606 548 641 dicam
578 604 724 648 falsum,
754 618 796 640 eo
824 618 920 651 prae—

161 656 262 704 cipue
299 666 477 705 tempore,
507 669 576 704 quo
605 656 717 691 Gothi
753 657 787 691 &
825 658 920 692 Lan-

159 706 304 756 gobardi
332 708 370 742 in
398 707 502 742 Italia
530 706 706 742 dominati
734 706 835 751 sunt,
858 720 919 741 na-

158 767 257 797 tam,
294 766 398 805 atque
425 759 466 792 ad
495 759 633 793 culmen
664 757 760 793 suum
795 759 918 805 perdu-

158 807 251 843 &am
290 807 387 843 fuiffe
416 810 604 856 Vulgarem
634 809 795 844 Italicam
828 808 918 844 Lin-

158 871 285 907 guam,
310 873 413 906 quam
443 860 484 895 ad
512 859 755 908 exprimendas
783 861 918 907 cogita-

158 910 274 944 tiones
295 909 421 945 nostras
444 924 534 946 nunc
555 910 776 958 usurpamus.
804 909 917 946 Com-

161 961 315 1009 plurium
355 962 555 997 Seculorum
598 975 684 1009 opus
725 961 784 997 ista
827 961 917 997 mihi

159 1011 337 1054 creditur,
365 1013 398 1046 ὃ(
428 1026 497 1060 quo
524 1012 664 1061 longius
692 1026 710 1048 a
741 1015 917 1047 Romano-

159 1074 234 1096 rum
261 1075 347 1096 aevo
368 1062 511 1098 abibant
535 1063 719 1104 homines,
745 1076 786 1097 eo
809 1062 916 1097 etiam

156 1113 234 1159 plus
256 1113 296 1146 ab
317 1125 434 1146 eorum
463 1113 604 1160 Lingua
624 1113 819 1148 discessere.
844 1110 916 1147 Ce-

156 1170 268 1196 terum
315 1176 333 1198 a
375 1162 449 1197 veri
495 1162 726 1198 similitudine
768 1163 917 1198 minime

135 1213 344 1262 ‘abhorrem
382 1212 442 1248 sub
478 1215 680 1250 eorumdem
712 1215 914 1263 Langobar—

155 1263 276 1298 dorum
318 1264 468 1308 imperio
507 1265 687 1300 adaufflm
718 1279 788 1300 non
826 1264 912 1300 levi-

155 1324 208 1349 ter
234 1315 330 1349 fuiss'e
360 1315 508 1350 Latinae
531 1316 691 1364 Linguae
717 1317 915 1363 corruptio-

155 1377 260 1400 nem.
301 1367 404 1400 Tunc
443 1365 606 1401 immanis
644 1367 744 1402 turba
783 1366 913 1415 promi-

156 1413 228 1449 scui
267 1414 386 1458 sexus,
415 1417 659 1451 Germanicam
690 1418 866 1464 Linguam
898 1432 915 1453 a

155 1464 284 1499 teneris
312 1465 512 1513 unguiculis
540 1465 683 1508 edo&a‚
707 1467 743 1501 in
774 1467 914 1502 Italiam

156 1515 259 1550 effusa
287 1514 353 1559 est,
382 1517 415 1550 ὅ(
450 1516 647 1551 Provinciis
671 1515 746 1553 ,fere
774 1516 914 1552 univer—

155 1563 195 1600 fis
237 1566 412 1601 dominari
454 1566 601 1615 coepit.
647 1567 812 1602 Didicere
857 1568 914 1603 illi

155 1616 297 1663 quidem
333 1616 525 1653 debellatae
561 1617 676 1666 gentis
715 1619 914 1666 Linguam,

155 1676 279 1714 utpote
306 1667 522 1711 dulciorem,
552 1669 585 1703 ἃ
615 1668 722 1703 nimis
752 1669 833 1703 altis
862 1682 914 1704 ra-

155 1716 291 1752 dicibus
316 1717 528 1767 stabilitam3
552 1731 629 1753 nam
658 1728 696 1754 ut
722 1729 760 1754 ut
784 1718 913 1754 exhau-

153 1766 199 1802 sta
237 1767 493 1803 habitatoribus
530 1778 613 1804 tunc
644 1768 746 1804 Italia
783 1768 913 1813 fuerit,

153 1818 258 1865 longe
286 1828 402 1853 tamen
431 1819 543 1867 major
568 1819 773 1855 Italicorum
798 1819 913 1867 super-

156 1867 296 1911 stitum,
324 1882 426 1916 quam
457 1871 768 1919 Langobardorum
801 1884 912 1906 novo-

154 1932 231 1954 rum
269 1919 445 1967 hospitum
483 1935 645 1957 numerus
682 1921 769 1957 fuir.
809 1922 911 1958 Didi-

155 1978 297 2012 cerunt,
323 1970 489 2018 inquam,
515 1972 569 2007 sed
596 1972 645 2007 ita
668 1981 706 2008 ut
732 1985 823 2008 nova
850 1973 911 2021 ipsi

155 2032 294 2067 quoque
322 2022 490 2057 vocabula
519 2023 554 2058 in
587 2023 779 2059 sermonem
810 2024 911 2060 Itali-

156 2083 233 2105 cum
265 2070 472 2116 intulerint,
500 2072 538 2109 &
575 2075 615 2109 ad
653 2075 909 2110 immutandam

154 2121 294 2168 gravius
323 2135 425 2169 quam
454 2134 554 2160 antea
583 2125 909 2173 pronuntiationem

153 2170 191 2207 ἃ
214 2171 436 2208 desinentiam
458 2176 665 2211 Latinarum
689 2190 837 2216 vocum,
855 2177 909 2212 in-

154 2221 253 2257 scitia
280 2223 493 2270 potiffimum
515 2227 643 2273 ubique
659 2228 848 2275 grassante,
869 2241 909 2262 o-

152 2286 268 2321 peram
292 2274 383 2309 suam
405 2276 438 2309 &
460 2275 521 2324 ipsi
543 2278 777 2313 contulerint.
802 2278 908 2324 Quod

151 2334 283 2358 certum
313 2324 377 2365 est,
416 2339 485 2361 non
514 2327 693 2363 immerito
722 2328 909 2364 barbaricis

151 2374 195 2410 iis
224 2375 375 2410 saeculis
414 2377 566 2412 tribuere
602 2377 638 2412 in
675 2379 796 2425 primis
823 2378 910 2414 licet

151 2426 339 2461 nonnullos
363 2426 521 2475 Linguae
543 2428 674 2463 nostrae
699 2428 775 2466 usus
795 2442 813 2465 a
838 2431 909 2465 La-

152 2475 307 2513 tinorum
335 2476 492 2514 sermone
519 2478 671 2516 diversos
688 2506 696 2515 .

249 2580 335 2613 Tem.
364 2581 394 2612 V
392 2581 418 2615 I.

968 712 996 746 Β

1644 208 1731 248 430

1079 246 1245 295 Exempli
1282 246 1396 294 grati&
1422 259 1530 294 quum
1567 251 1656 296 apud
1693 254 1790 288 Lan-

1028 298 1226 347 gobardos,
1263 297 1495 333 Germanicae
1538 299 1686 347 originis
1726 316 1791 350 po-

1030 351 1150 399 pulum
1167 375 1178 392 ,
1207 347 1370 397 vigerent
1395 349 1556 384 Articuli
1586 352 1789 390 nominibus

1030 398 1240 448 praepositi,
1277 398 1382 435 facile
1417 399 1510 436 hunc
1538 399 1635 436 usum
1673 416 1792 439 aemu-

1029 451 1095 487 lati
1124 450 1233 490 Itali,
1271 463 1414 498 coepere
1449 452 1484 486 δε
1521 450 1583 499 ipfi
1614 452 1791 490 Articulis

1029 503 1146 538 locum
1181 501 1262 537 dare
1296 501 1335 537 in
1372 501 1484 549 patria
1520 501 1687 551 Lingua,
1724 503 1792 540 hoc

1030 553 1075 588 est
1101 551 1263 589 adhibere
1289 554 1341 597 ll,
1369 556 1441 592 La,
1468 556 1536 598 Lo,
1563 557 1631 598 Le,
1659 558 1728 600 Li,
1755 557 1794 591 Ι.

1029 603 1136 650 Quod
1172 604 1351 652 quomodo
1381 603 1513 640 fabium
1549 603 1681 645 fuerit,
1720 607 1792 643 Ca-

1029 655 1209 690 stelvetrus
1234 668 1344 704 nuper
1367 663 1580 692 memoratus
1600 657 1792 703 Etymolo-

1030 705 1164 754 giarum
1197 705 1410 742 acutiffimus
1439 705 1688 756 investigator,
1717 709 1793 757 pri-

1031 769 1107 792 mus
1133 756 1227 792 re6³te
1255 757 1465 807 excogitasse
1493 758 1654 800 videtur,
1685 768 1792 808 atque

1030 821 1072 843 ex
1101 821 1142 843 eo
1170 808 1282 856 postea
1313 808 1349 844 in
1378 807 1475 844 suum
1504 809 1718 857 Opusculum
1748 811 1792 847 de

1029 858 1129 907 Orig.
1147 860 1307 908 Linguae
1325 860 1491 907 Vulgaris
1512 860 1690 897 derivavit
1705 862 1792 898 Cel-

1030 908 1083 944 sus
1110 908 1354 946 Cittadinius.
1392 910 1571 946 Videlicet
1607 924 1649 947 ex
1686 912 1793 949 Lati-

1030 972 1076 995 no
1104 961 1312 1007 pronomine
1340 961 1425 1001 Ille,
1454 962 1543 1002 Illa,
1571 962 1655 1002 Illi,
1684 964 1792 1008 Illae,

1031 1010 1150 1046 Italici
1167 1010 1324 1047 Articuli
1342 1011 1461 1047 senfim
1480 1023 1682 1048 manarunt.
1700 1015 1792 1049 Vul-

1029 1073 1090 1108 gus
1127 1062 1221 1097 enim
1259 1075 1367 1110 quum
1405 1063 1559 1110 exempli
1596 1064 1706 1099 caussa
1736 1063 1793 1100 di-

1029 1124 1104 1146 cere
1131 1111 1256 1147 soleret
1272 1136 1283 1152 ,
1321 1113 1379 1146 illo
1405 1114 1550 1156 caballo,
1584 1114 1645 1148 illa
1671 1115 1762 1157 hasla
1779 1142 1791 1160 ‚

1028 1162 1105 1196 illae
1125 1162 1265 1206 feminae
1282 1190 1292 1207 ,
1322 1162 1491 1210 abjiciens
1521 1163 1670 1211 primam
1690 1192 1700 1209 ‚
1730 1175 1793 1203 aut

1028 1213 1172 1248 alteram
1212 1214 1433 1261 pronominis
1470 1213 1638 1260 syllabam
1661 1244 1671 1260 ,
1710 1225 1792 1251 tan-

1027 1263 1103 1298 dem
1133 1263 1248 1300 dicere
1284 1265 1419 1314 incepit
1446 1266 1648 1314 compendii
1680 1267 1791 1304 caussa

1028 1315 1053 1348 il
1079 1316 1224 1359 cavallo,
1254 1316 1284 1349 lo
1310 1317 1456 1355 cavallo,
1485 1318 1518 1351 la
1544 1317 1635 1359 asta,
1664 1317 1791 1361 Vasta,

1026 1365 1052 1398 li
1071 1367 1212 1405 cavalli,
1234 1367 1246 1400 i
1265 1368 1407 1410 cavalli,
1427 1369 1456 1400 le
1470 1368 1640 1411 femmine.
1669 1371 1790 1414 Quam

1026 1414 1237 1452 Casteivetri
1279 1416 1488 1452 sententiam
1526 1419 1664 1467 egregie
1705 1433 1792 1455 con-

1026 1466 1144 1501 firmat
1181 1480 1375 1514 pronomen
1404 1471 1506 1510 Loro,
1543 1469 1611 1505 fine
1648 1470 1792 1507 dubita·-

1025 1516 1123 1552 tione
1151 1518 1373 1553 efformatum
1403 1531 1444 1553 ex
1473 1519 1623 1559 Illorum,
1652 1520 1791 1557 sublato

1025 1579 1150 1612 nempe
1179 1569 1252 1602 IL.
1284 1568 1378 1603 Idem
1408 1582 1549 1615 quoque
1580 1570 1789 1606 confirmare

1027 1615 1163 1663 possunt
1191 1616 1357 1653 Litaniae
1386 1618 1445 1654 sub
1474 1619 1608 1654 Carolo
1636 1619 1690 1655 Μ.
1719 1621 1790 1657 cir-

1026 1666 1114 1701 citer
1141 1668 1285 1702 Annum
1310 1680 1394 1715 790.
1422 1668 1591 1717 scriptae,
1619 1680 1723 1719 atque
1750 1686 1788 1708 e·-

1026 1719 1189 1764 vulgatae
1226 1718 1348 1753 nostris
1376 1719 1496 1755 diebus
1533 1733 1552 1755 a
1583 1721 1787 1758 Clariffimo

1025 1767 1244 1803 Mabillonio
1264 1767 1358 1804 inter
1378 1779 1495 1805 vetera
1515 1771 1689 1807 Anaieffla
1711 1787 1787 1821 pag.

1029 1830 1109 1860 171.
1126 1817 1332 1854 novissimae
1352 1819 1542 1856 editionis:
1562 1822 1656 1869 quod
1677 1824 1787 1859 etiam

1024 1869 1278 1905 animadvertit
1311 1869 1566 1920 Du-Cangius
1600 1872 1638 1907 in
1672 1873 1787 1910 Gloss.

1024 1921 1105 1955 Lat.
1129 1922 1171 1954 ad
1196 1933 1319 1955 vocem
1349 1923 1378 1955 lo
1405 1935 1467 1970 pro
1495 1923 1570 1958 ille.
1598 1923 1653 1958 Ibi
1680 1937 1698 1959 a
1724 1938 1787 1973 po-

1024 1971 1108 2018 pulo
1153 1972 1384 2006 acclamatum
1430 1972 1591 2021 legitur:
1634 1977 1787 2010 Adriano

1023 2025 1149 2055 Summo
1187 2021 1338 2065 Pontifice
1379 2022 1425 2061 όν
1463 2024 1642 2069 universale
1677 2029 1787 2072 Papae

1000 2072 1095 2107 ¹‘vita
1123 2071 1210 2120 (pro
1238 2072 1390 2117 Ροηΐξῇεἰ
1417 2074 1460 2107 (9⁴
1486 2075 1689 2123 universali)
1717 2081 1788 2111 Re-

1023 2126 1161 2169 demptor
1184 2124 1326 2159 Mundi.
1355 2128 1405 2158 Tu
1429 2125 1458 2158 lo
1482 2125 1627 2171 adjuva.
1657 2128 1710 2162 Ita
1734 2128 1787 2163 le·-

1023 2173 1076 2222 git
1105 2172 1363 2222 Du—Cangius,
1390 2185 1426 2210 at
1449 2176 1486 2210 in
1514 2189 1625 2225 nuper
1651 2190 1787 2214 memo-

1024 2233 1096 2260 rata
1133 2223 1290 2260 editione
1326 2225 1492 2261 habetur:
1523 2231 1575 2261 Tu
1609 2229 1641 2262 lo
1674 2228 1782 2273 juva.

1023 2275 1119 2310 Idem
1147 2276 1184 2310 in
1213 2274 1497 2323 subsequentibus
1535 2278 1694 2326 precibus
1729 2294 1784 2315 re-

1024 2325 1173 2373 petitum
1203 2327 1343 2370 videas,
1381 2327 1434 2363 uti
1463 2329 1496 2362 &
1527 2341 1562 2363 tn
1597 2330 1644 2363 los
1673 2329 1782 2375 juva,

1022 2389 1129 2424 quum
1151 2376 1187 2411 in
1210 2377 1336 2425 plurali
1357 2379 1566 2426 loquuntur.
1587 2382 1687 2425 Quae
1708 2394 1782 2416 cer-

1021 2437 1060 2463 to
1087 2426 1272 2472 indicant,
1300 2441 1342 2463 ex
1379 2439 1414 2462 tu
1451 2429 1542 2463 illum
1569 2430 1652 2477 juva
1678 2431 1781 2466 effor-

1021 2487 1154 2514 matum
1192 2478 1307 2527 primo
1335 2477 1432 2514 fuisse
1459 2490 1494 2513 tu
1522 2481 1578 2514 illo
1602 2480 1712 2525 juva,
1740 2495 1778 2517 ac

1019 2529 1159 2564 tandem
1188 2540 1222 2564 tu
1250 2530 1279 2563 lo
1298 2528 1406 2574 juva.
1444 2531 1654 2579 Exemplum
1690 2532 1778 2567 alte·-

1026 2577 1145 2615 ‘Ff
1647 2593 1727 2617 rum
