2169 3047
371 178 455 232 847
719 169 1091 228 ANTJQUJT.
1131 168 1347 213 MEDJI
1381 170 1546 214 AEVJ
1795 175 1877 228 848

362 233 552 271 cochliaium
578 232 753 282 originem
777 231 943 268 vocabuli
970 230 1073 279 hujus
1110 229 1145 265 A
1231 230 1298 274 tis,
1324 242 1373 265 ore
1398 230 1504 278 emtffa
1530 232 1658 271 evolat,
1690 240 1843 278 tanquam
1869 244 1938 266 car—

363 286 527 323 sumunt.
567 284 698 321 Nescio
725 297 769 320 an
797 282 980 319 meliorem
1008 294 1073 330 ego
1231 294 1310 316 cereo
1345 282 1473 329 corporis
1499 281 1595 328 hujus
1622 292 1716 317 exuta
1743 282 1939 329 Gurguslio:

365 336 588 374 exhibiturus
627 334 709 371 fim.
745 333 809 370 Sed
846 333 986 382 quando
1012 331 1073 367 ha·
1232 331 1357 368 Italice
1382 332 1513 370 diceres
1539 334 1597 370 dat
1622 333 1734 379 Gustio
1769 334 1805 368 di
1840 332 1940 380 questo

363 387 489 425 riolari
525 386 600 423 illis
638 385 769 431 licuit,
806 383 885 420 heic
921 385 955 419 &
983 381 1073 419 mihi
1231 384 1349 428 Carpo.

366 438 495 475 liceat.
523 436 637 486 Angli
674 437 758 481 Husc
793 435 944 478 dicunt,
981 432 1074 481 quod

365 503 431 526 nos
458 488 569 533 Guscio
595 488 628 522 δε
659 487 782 531 Husche
810 486 962 534 Belgae.
1000 486 1072 519 Vo-
1536 485 1581 573 Ι

366 540 530 576 cabulum
553 546 698 583 uterque
717 537 869 584 Populus
885 549 903 570 e
918 537 1075 582 Septem-

367 589 580 626 trionalibus
607 586 758 636 Linguis
786 585 950 633 accepisse
979 584 1076 620 vide-

368 650 446 677 tur.
476 642 568 677 Nam
597 637 635 674 &
665 637 776 673 adhuc
795 634 964 672 Germani
991 636 1077 669 Hul-

1158 610 1162 680 ἓ
1232 634 1424 676 eratterfi.
1460 633 1666 677 Abbatterfi.
1696 637 1800 670 -Fortb
1833 646 1944 683 perve-

363 692 422 737 se,
450 702 570 739 parum
598 687 758 724 diffimili
786 700 894 730 voce,
924 699 1077 735 pronun·
1106 684 1163 716 ss
1259 687 1346 721 nire.
1375 687 1429 720 Ex
1451 685 1557 721 verbo
1585 688 1736 726 Ratun,
1763 690 1945 724 percutere,

371 741 486 784 tiam,
523 739 615 788 quod
652 738 697 774 est
724 741 903 773 Putamen.
931 738 968 772 A
995 749 1079 772 vero
1235 737 1271 772 &
1298 734 1610 784 praepositionibus
1636 740 1719 777 Ad,
1747 735 1784 773 ὅ(
1810 739 1868 777 In,
1897 736 1948 772 el-

370 790 522 827 minime
558 790 742 830 abhorret,
781 787 928 836 potuisse
954 788 988 822 &
1017 800 1080 822 nos
1237 786 1388 823 formata
1415 786 1509 822 fuere
1537 786 1619 823 haec
1647 788 1818 823 vocabula
1835 814 1843 824 .
1882 787 1946 823 Sed

370 842 454 879 inde
491 840 629 877 haurire
666 839 816 876 nostrum
844 838 975 883 Guscio,
1012 837 1080 873 im·
1238 850 1306 885 qua
1333 836 1469 873 ratione
1506 838 1670 873 Italicum
1702 841 1833 873 Batme
1860 838 1948 885 (na-

373 900 508 928 mutata
541 890 640 941 gravi
670 893 924 927 Germanorum
953 887 1082 937 aspira-
1239 897 1315 924 tum
1344 901 1362 923 e
1389 887 1603 924 Latinorum
1633 888 1815 936 Battuere)
1853 896 1949 924 tran-

376 943 475 979 tione
503 946 547 978 H.
575 942 612 978 in
639 945 702 982 G„
733 949 772 977 ut
799 953 909 989 nuper
934 938 1012 976 dixi
1040 938 1082 975 ad
1239 940 1368 974 slatum
1396 934 1504 975 fuerit
1531 938 1571 974 ad
1599 936 1865 988 significandum
1893 941 1950 974 In—

373 994 587 1029 vocabulum
633 992 716 1037 Gufo
746 1018 754 1028 .
804 990 903 1027 Galli
943 1002 1083 1038 quoque
1240 1002 1356 1024 currere
1383 989 1416 1024 in
1442 990 1604 1036 aliquem,
1641 998 1701 1025 aut
1737 990 1771 1024 in
1798 989 1947 1036 aliquid,

374 1043 484 1091 Gouffe
522 1043 674 1079 dicunt.
716 1041 1082 1078 Animadvertendum
1241 1038 1379 1074 fortasse
1415 1040 1525 1086 petis.
1564 1041 1613 1075 Ea
1648 1039 1722 1088 ips&
1743 1067 1752 1082 ,
1789 1052 1947 1089 repono,

375 1104 495 1130 tamen
512 1121 523 1138 ‚
551 1107 570 1129 a
597 1091 878 1130 Mutinensibus,
916 1090 1084 1137 aliisque,
1241 1089 1309 1136 qua
1336 1089 1459 1124 Latini
1488 1090 1655 1125 dixerunt
1685 1091 1871 1136 offendere,
1908 1089 1950 1124 fi-

375 1154 416 1181 ut
444 1153 552 1192 puto,
591 1141 802 1179 Lombardis
834 1139 1021 1176 discrimen
1049 1153 1085 1174 a·
1125 1140 1159 1177 C
1241 1138 1410 1188 gnificans
1447 1141 1610 1178 Laedere,
1647 1138 1816 1185 simulque
1852 1142 1950 1174 Inve-

376 1194 502 1242 liquod
530 1193 632 1228 statui
660 1193 753 1228 inter
779 1191 915 1237 Guscio,
952 1191 987 1226 &
1015 1194 1085 1225 Gu-
1241 1190 1309 1224 nire
1341 1199 1466 1234 praeter
1501 1189 1673 1236 opinionem
1693 1216 1701 1225 .
1743 1189 1950 1225 Translatio

373 1245 460 1290 Jcia.
489 1244 603 1288 Guscia
632 1242 782 1278 dicimus
809 1255 872 1277 nos
899 1241 1086 1276 Mutinen-
1241 1253 1324 1287 ergo
1351 1238 1506 1275 desumta
1535 1239 1675 1275 videtur
1702 1239 1744 1274 ab
1781 1239 1950 1284 homine,

378 1295 427 1330 ses
455 1294 496 1330 de
527 1292 757 1330 inanimatis,
795 1291 850 1326 uti
886 1291 966 1325 sunt
1002 1290 1087 1325 Sili-
1242 1290 1326 1334 qui,
1364 1288 1444 1322 dum
1484 1287 1588 1322 multi
1627 1301 1687 1334 per
1724 1288 1816 1323 viam
1855 1299 1951 1323 tran-

377 1357 496 1392 quae,
542 1341 611 1378 five
650 1341 894 1389 integumenta
935 1339 1086 1387 legumi-
1243 1337 1362 1376 stunt,
1405 1336 1553 1373 offendit
1590 1337 1743 1385 aliquem
1767 1365 1777 1381 ‚
1815 1337 1951 1374 scilicet

377 1407 485 1435 num,
513 1405 640 1429 nucum
662 1389 754 1434 &c.‚
782 1390 875 1438 quod
900 1388 938 1425 ὅ(
959 1402 977 1424 a
1000 1390 1086 1425 Gal-
1242 1387 1393 1423 incurrit
1420 1386 1570 1423 fortuito
1606 1387 1645 1423 in
1681 1387 1808 1428 illum,
1846 1402 1951 1435 quem

376 1445 423 1483 lis
444 1443 552 1490 Gouffe
574 1443 788 1492 appellatur.
816 1443 869 1476 At
896 1441 1007 1484 Guscio
1027 1453 1087 1488 ap·
1245 1438 1362 1474 videre
1389 1447 1449 1474 aut
1477 1437 1612 1486 alloqui
1640 1439 1825 1485 cupiebat.
1865 1441 1952 1476 Pro-

376 1497 509 1545 pellare
538 1494 687 1530 solemus
723 1492 763 1527 de
802 1491 994 1535 animatis,
1028 1504 1086 1526 cu·
1244 1498 1368 1538 pagata
1408 1488 1454 1524 est
1500 1488 1625 1537 phrafis
1666 1489 1706 1525 ad
1754 1491 1952 1539 quamlibet

377 1545 529 1595 jusmodi
556 1544 634 1580 sunt
661 1541 762 1578 testae
782 1555 955 1585 ovorum,
983 1541 1084 1577 lima·
1243 1539 1426 1576 fortuitam
1455 1553 1569 1575 rerum
1595 1549 1655 1576 aut
1682 1540 1866 1577 hominum
1895 1540 1952 1577 in-

376 1609 456 1632 cum
476 1623 486 1640 ,
525 1594 745 1631 cochlearum
772 1594 839 1628 &c.
873 1591 1086 1628 Postremum
1128 1593 1162 1627 D
1243 1591 1449 1627 ventionem
1467 1617 1476 1626 .
1513 1590 1604 1627 Vide
1631 1590 1740 1627 etiam
1776 1591 1868 1628 infra
1893 1594 1952 1628 In-

377 1647 445 1683 hoc
486 1645 758 1695 excogitandum
800 1643 870 1684 est,
912 1657 954 1680 an
996 1642 1086 1679 forte
1243 1653 1392 1689 cappare.

377 1698 600 1734 efformatum
630 1695 737 1733 fuerit
766 1709 785 1732 e
811 1695 980 1742 Gurgustio
1015 1696 1085 1731 La—
1193 1694 1385 1731 Imbiutare.
1413 1693 1632 1730 Mutinenses
1660 1695 1759 1743 ajunt
1786 1693 1952 1730 Imbt'uda-

376 1748 557 1788 tinorum,
594 1746 811 1797 significante
833 1759 933 1793 genus
959 1747 1085 1781 habita·
1243 1757 1275 1779 re
1291 1771 1301 1788 ‚
1328 1743 1444 1779 rustici
1473 1747 1555 1780 vero
1582 1744 1775 1780 Imbiedare.
1809 1744 1952 1793 signifi-

376 1800 472 1834 tiom's
498 1799 683 1847 angustum,
711 1797 765 1834 uti
792 1796 891 1846 supra
917 1795 1020 1832 innui
1045 1796 1087 1831 ad
1245 1802 1324 1836 cat,
1353 1793 1499 1830 vaccino
1527 1794 1670 1830 stercore
1691 1795 1809 1830 diluto
1836 1808 1950 1831 aream

376 1851 589 1886 vocabulum
626 1853 752 1896 Gozzo.
792 1850 868 1885 Nos
905 1846 1017 1883 adhuc
1045 1847 1086 1882 ad
1245 1846 1383 1883 lavare,
1421 1853 1459 1879 ut
1486 1844 1525 1881 in
1552 1844 1750 1881 consistente
1778 1845 1853 1881 solo
1880 1845 1953 1882 fru-

378 1899 591 1937 innuendam
634 1899 825 1949 angustiam
876 1897 1049 1935 Cubiculi
1078 1926 1087 1942 ,
1246 1909 1303 1945 ges
1348 1904 1505 1931 terantur
1529 1923 1538 1931 .
1583 1895 1765 1944 Ejusmodi
1812 1909 1952 1944 quoque

378 1958 440 1987 aut
480 1953 615 1988 Domus
656 1950 805 2000 alicujus
829 1974 841 1990 ‚
881 1963 941 1998 per
978 1958 1086 1984 meta·
1246 1946 1481 1983 maceratione
1508 1955 1654 1982 utuntur
1681 1946 1856 1982 doliorum
1883 1950 1954 1983 Ar-

375 2000 526 2050 phoram
573 2002 708 2038 utimur
752 2001 896 2037 nomine
943 2000 1053 2045 Guscio
1080 2026 1087 2034 .
1246 1997 1384 2040 tifices,
1412 1996 1572 2033 vasorum
1610 1997 1827 2033 vinariorum
1866 1997 1954 2034 affu-

376 2051 544 2088 Dicimus
574 2050 670 2086 enim
706 2065 750 2088 un
776 2053 886 2095 Guscio
912 2051 948 2086 di
975 2054 1088 2087 Came-
1133 2048 1162 2082 E
1247 2049 1296 2084 las
1333 2047 1488 2084 invicem
1517 2047 1629 2084 veluti
1667 2048 1954 2097 agglutinantes,

377 2115 436 2138 u.
473 2103 521 2137 Et
556 2100 661 2136 facile
697 2103 764 2134 Gur
798 2101 997 2142 exciderit,
1035 2100 1088 2136 uti
1247 2108 1351 2146 atque
1379 2100 1500 2147 gluten
1529 2099 1595 2134 hoc
1624 2100 1748 2139 Biea'a,
1775 2108 1836 2134 aut
1865 2100 1955 2134 Beda

378 2151 517 2188 excidit
543 2151 582 2187 in
609 2155 738 2196 (Ξοᾳζο,
763 2163 867 2198 quam
890 2164 1011 2186 vocem
1035 2151 1087 2186 vi·
1247 2150 1445 2198 appellant.
1482 2149 1670 2198 Menagius
1706 2163 1724 2185 a
1762 2149 1864 2185 Biuta
1894 2149 1954 2185 de·-

379 2202 443 2238 de.
469 2204 557 2238 Sunt
585 2201 731 2250 Apuleji
760 2200 884 2237 verba:
915 2204 1002 2248 Ergo
1021 2204 1088 2236 bre·
1247 2200 1367 2242 ducit,
1395 2199 1488 2248 quod
1516 2210 1655 2236 enatum
1687 2210 1787 2248 putat
1814 2214 1856 2236 ex
1881 2201 1950 2236 La-

378 2253 517 2291 vitatem
543 2251 739 2300 Gurgustioli
762 2251 858 2294 nostri
881 2265 918 2285 m·
939 2253 1088 2298 spes-nas.
1248 2252 1326 2286 tino
1354 2252 1505 2286 Barbaro
1534 2252 1703 2294 manare,
1741 2250 1825 2287 idest
1851 2247 1949 2284 Itali-

377 2306 479 2344 Peto,
499 2303 546 2345 sis
565 2313 724 2338 contentus
742 2302 808 2338 lare
833 2303 988 2346 parvulo.
1014 2306 1087 2338 Nos
1249 2315 1286 2337 ce
1312 2302 1492 2337 Stacciare.
1520 2302 1583 2337 Sed
1611 2301 1697 2349 quid
1734 2301 1811 2339 rei,
1846 2309 1950 2344 quae·

377 2354 520 2390 reddere
561 2354 730 2402 possemus
765 2354 800 2388 la
826 2353 1002 2398 strettezza
1037 2355 1088 2388 del
1248 2351 1284 2389 so
1311 2379 1321 2395 ‚
1368 2352 1474 2387 verbo
1521 2351 1692 2387 Imbiutare
1742 2346 1949 2396 fignificanti

378 2404 478 2447 nostro
504 2405 633 2449 Gusct'o.
671 2404 725 2441 Ita
763 2403 905 2439 saueius
935 2404 1087 2438 Ambro-
1248 2402 1477 2447 Conspurmre,
1504 2403 1651 2444 Illinere‚
1677 2411 1754 2435 cum
1774 2398 1949 2435 semim,

377 2453 444 2490 fius
480 2453 520 2491 in
555 2454 667 2500 Libro
705 2454 747 2490 de
784 2456 882 2490 Bono
929 2454 1087 2498 Mortis,
1248 2452 1463 2501 fignificante
1500 2453 1656 2500 Cribrarci'
1678 2448 1858 2491 farinam?
1894 2447 1952 2482 Est

379 2507 467 2555 Cap.
505 2518 539 2542 2.
569 2505 696 2547 Anima
713 2532 724 2552 ,
761 2504 908 2556 inquit,
943 2506 1088 2542 deceden-
1249 2504 1367 2553 aliqua
1395 2502 1485 2541 mihi
1511 2497 1681 2548 suspicio,
1707 2496 1952 2547 Langobardi-

1821 2559 1879 2584 Cae
1890 2570 1901 2588 ³
