2169 3047
716 218 892 263 ANP]

367 240 475 280 1047

901 218 1086 277 ιρυιῑῖ.
1126 214 1341 261 MEDJJ
1368 216 1532 262 AEVJ

1767 225 1875 278 1048

353 281 494 319 Contra
530 278 707 317 Ferrarius
743 293 761 316 a
797 280 961 318 claudus,
989 280 1064 313 Clo·
1106 278 1138 313 A
1177 275 1414 325 Scriptoribus
1449 291 1590 327 operam
1626 278 1705 316 dare
1741 294 1828 329 opus
1859 281 1932 332 est;

352 335 432 373 dus,
461 333 606 375 Clonus,
634 331 757 370 Ciotto,
794 331 931 376 Cioppo‚
959 332 1066 376 Zoppo

356 383 554 419 derivavit.
581 384 656 431 Ego
681 381 791 417 adhuc
816 381 1062 428 inquirendum

355 448 434 470 reor
461 433 498 470 in
531 432 608 481 orig
628 445 703 467 nem
736 431 853 466 vocis.
893 431 1063 479 Suspicari

355 494 472 521 autern
510 497 578 519 non
617 482 757 525 desmo,
794 495 836 517 ex
874 481 1064 518 Germania

285 533 291 536 ”
353 536 495 584 potius,
538 543 596 569 aut
637 546 655 568 e
697 532 840 571 Gallia,
879 534 981 579 quam
1020 545 1062 568 ex

312 581 315 583 ⁵
353 586 523 624 Graecia,
552 584 591 619 ad
622 597 683 618 nos
712 583 802 618 refflfi
834 583 961 618 veniffe
990 583 1064 632 eju-

352 635 464 672 smodi
489 635 719 670 vocahulum.
741 636 802 668 Uti
833 634 1063 682 Du-Cangius

352 696 454 722 antea
480 685 751 725 animadvertit,
780 686 815 718 in
845 686 1058 719 Alamanno-

350 750 428 773 rum
469 738 563 783 Lege
591 737 678 781 Cap.
717 739 774 780 63.
806 735 838 784 ᾗ.
880 747 934 782 31.
969 735 1061 780 Clop-

348 800 409 835 pus
448 800 508 834 pro
550 787 694 820 claudus
729 786 906 821 occurrit.
946 788 990 820 Et
1027 785 1063 821 in

351 837 551 885 Capitulari
591 835 714 872 Caroli
747 838 869 885 Magni
909 836 949 871 de
984 835 1059 871 Vil-

351 889 420 931 lis,
442 888 482 923 ad
511 891 650 922 Annum
673 886 801 923 Christi
827 889 970 922 DCCC.
994 900 1058 922 me-

351 948 509 975 moratos
547 938 665 973 videas
694 941 786 972 boves
822 951 881 972 non
913 939 1065 983 Clonpos,

351 1004 413 1025 non
453 991 640 1036 languidos.
675 988 730 1024 Est
760 989 866 1023 etiam
905 989 1065 1024 Gallicae

351 1040 514 1088 Linguae
557 1043 724 1086 chamon,
767 1038 961 1088 significans
1007 1042 1064 1073 Im-

349 1092 502 1138 pingyre,
531 1090 630 1125 nobis
670 1092 882 1136 Insiampaoe,
911 1090 1003 1137 quod
1035 1092 1059 1124 1.

350 1142 460 1177 zalice
484 1150 595 1176 vertas
620 1141 806 1187 ςείορρανε,
826 1143 992 1185 Zoppare,
1014 1149 1067 1175 at—

353 1205 422 1238 que
449 1191 603 1226 eamdem
634 1190 759 1226 habere
790 1190 930 1224 viderur
956 1189 1061 1237 origi>

352 1254 434 1277 nem
475 1250 578 1287 atque
614 1243 740 1279 Ζυορο.
779 1239 946 1274 Germani
985 1242 1066 1274 vero

350 1300 414 1326 aut
441 1291 537 1324 Galli
573 1288 807 1322 vetustum-ne
845 1288 940 1320 suum
972 1289 1064 1331 Clop-

350 1352 412 1389 pus
440 1353 479 1375 ex
511 1337 659 1373 Graecia
696 1336 915 1383 acceperint,
944 1348 985 1370 an
1025 1336 1067 1370 ab

353 1390 500 1438 antiqua
531 1388 606 1424 suae
643 1387 756 1437 gentis
788 1400 896 1430 voce,
924 1385 991 1421 erit
1020 1387 1066 1420 E-

352 1441 553 1478 ruditorum
594 1438 632 1474 in
678 1437 866 1473 Germania
910 1436 1064 1471 virorum

352 1492 556 1528 decernere.
593 1489 650 1524 Ad
690 1502 744 1524 me
781 1487 872 1536 quod
912 1489 1067 1526 attinet,

353 1543 450 1579 :inter
477 1544 627 1576 Graecos
666 1548 821 1583 veteres,
851 1539 882 1572 8<
919 1540 1066 1573 Francos

354 1593 424 1629 slve
461 1594 677 1634 Germanos,
705 1599 764 1625 aut
802 1588 979 1624 modicum
1010 1599 1069 1624 aut

355 1645 494 1679 nullum
545 1642 763 1690 Linguarum
816 1641 1066 1675 commercium

356 1694 477 1733 fuiss‘e,
505 1692 653 1741 opinor.

305 1745 406 1792 Zuffa
418 1772 427 1781 .
439 1744 530 1780 Vide
546 1743 643 1791 supra
661 1742 700 1778 ad
719 1742 928 1777 vocabulum
942 1741 1068 1787 Ciuffo.

307 1799 445 1844 Zuppa‚
474 1795 529 1830 seu
557 1799 688 1840 suppa,
717 1794 809 1828 Vide
846 1792 1068 1828 Differtatio-

357 1860 441 1883 nem
471 1847 584 1881 XXV.
610 1848 650 1879 de
669 1845 851 1898 sutrina.

360 1949 483 1995 Atque
510 1947 698 1989 hag'tenus,
724 1960 807 1994 quas
836 1945 958 1994 potui,
982 1947 1063 1984 Etvr

310 1999 484 2046 mologias
524 2000 723 2032 Italicarum
764 2010 887 2032 vocum
919 1996 1070 2044 collegi,

310 2061 455 2096 quarum
497 2048 718 2095 investigatio
748 2049 779 2083 8<
809 2049 849 2082 ad
889 2046 1053 2082 Eruditio

309 2113 390 2135 nem
429 2098 528 2135 utilis
566 2098 630 2137 est,
659 2097 695 2133 &
729 2098 934 2145 jucundior,
965 2098 1067 2143 qnam

309 2160 480 2198 putetur,
519 2162 587 2184 non
626 2150 743 2194 paucis
783 2148 948 2183 videtur.
987 2148 1068 2194 Eju-

310 2200 422 2236 smodi
452 2210 566 2235 autern
606 2198 716 2234 studio
744 2198 802 2246 qui
844 2198 908 2232 sese
940 2198 1069 2237 tradit,

310 2251 441 2287 necesse
469 2249 608 2297 quidem
648 2249 712 2285 est.
742 2259 780 2284 ut
826 2249 1005 2291 ingenium
1036 2249 1068 2282 &

311 2301 556 2350 perspicaciam
581 2313 648 2334 non
682 2298 890 2333 mediocrem
915 2299 954 2333 ad
981 2298 1068 2333 illud

311 2352 425 2388 secum
465 2352 573 2393 ferat,
613 2350 665 2384 sed
696 2348 893 2397 praesertim
934 2359 1069 2383 conter-

315 2405 488 2439 minarum
505 2430 513 2444 ‚
531 2410 757 2447 veterumque
777 2398 991 2448 Linguarum
1014 2413 1069 2440 ne-

312 2453 458 2502 ritiam3
488 2452 580 2498 quod
616 2453 710 2487 enim
750 2450 852 2485 irrito
888 2450 1006 2484 labore
1033 2450 1071 2485 in

314 2518 381 2540 una
410 2503 608 2552 quaeritur,
637 2502 674 2537 in
703 2500 781 2536 aliis
817 2500 989 2536 interdum
1021 2515 1070 2536 re-

315 2556 469 2603 peritur.
495 2554 555 2592 Ad
582 2553 665 2590 haec
694 2552 881 2589 barbaricis
918 2551 1073 2600 antiquis

1178 328 1376 375 mirumque
1401 328 1506 364 etiam
1535 330 1572 365 in
1598 331 1739 366 modum
1766 332 1936 380 prodesset

1178 378 1435 425 antiquiffimos
1447 380 1619 415 Aueiores
1638 382 1831 429 vulgarium
1845 383 1936 420 Lin-

1178 441 1321 477 guarum
1364 430 1400 466 in
1442 439 1581 478 promtu
1623 429 1768 476 habere,
1809 433 1935 481 quibus

1178 489 1294 514 tamen
1322 479 1420 516 fateri
1447 480 1607 528 cogimur
1632 493 1745 516 carere
1771 484 1934 528 Italiam,

1178 530 1354 571 Galliam,
1384 539 1486 578 arque
1524 530 1754 577 Hispaniam.
1782 532 1936 568 Felicio-

1177 593 1228 615 res
1256 580 1318 616 hac
1346 582 1383 615 in
1411 593 1446 616 re
1471 581 1634 617 novimus
1662 583 1855 618 Germanos
1883 591 1937 619 at-

1178 643 1243 677 que
1273 631 1481 667 Britannos.
1520 632 1679 680 Denique
1714 646 1785 668 non
1815 646 1937 680 parum

1178 681 1334 728 praesidii
1364 681 1566 729 sperandum
1595 682 1685 718 foret
1710 697 1729 719 e
1758 683 1937 732 multipli-

1177 730 1210 767 ci
1238 731 1406 767 varietate
1436 742 1491 768 tot
1520 732 1782 778 Diale&orum,
1808 735 1936 780 quibus

1177 795 1246 816 non
1277 782 1380 817 Italia
1408 782 1523 818 minus
1551 786 1654 831 quam
1693 795 1824 821 ceterae
1852 798 1937 832 gen-

1178 841 1227 867 tes
1264 833 1458 870 abundant.
1499 834 1615 870 Unius
1651 836 1743 870 enirn
1784 836 1935 870 Provin-

1177 883 1272 927 ciae,
1302 883 1413 918 immo
1450 886 1479 918 8<
1513 885 1613 921 unius
1650 885 1824 921 interdum
1865 888 1937 921 Ur-

1179 934 1250 972 bis,
1280 934 1460 970 Dialeffius
1490 934 1598 970 facem
1630 935 1795 983 praeferre
1825 937 1936 984 postet

1177 985 1215 1019 ad
1246 985 1470 1033 detegendam
1499 986 1673 1034 originem
1705 990 1840 1022 Vocum
1869 986 1938 1022 ali-

1178 1035 1213 1069 bi
1242 1045 1504 1083 corruptarum,
1533 1047 1593 1073 aut
1628 1038 1674 1072 ob
1710 1036 1937 1080 immutatas,

1178 1093 1236 1121 aut
1263 1087 1307 1120 ob
1336 1086 1556 1133 transpositas
1592 1088 1731 1123 literas.
1768 1089 1935 1123 Ceterum

1179 1135 1269 1183 quod
1308 1137 1542 1173 animaduerti
1580 1137 1617 1173 in
1656 1139 1743 1174 hanc
1772 1137 1939 1187 piscatio-

1177 1186 1231 1220 nis
1260 1185 1392 1232 specie,
1420 1187 1511 1220 nihil
1542 1186 1679 1221 facilius
1708 1189 1752 1222 est
1787 1191 1938 1232 Erymo·

1177 1235 1350 1281 logiarum
1380 1235 1554 1274 studiosis,
1582 1238 1686 1280 quam
1725 1237 1859 1272 somnia
1887 1236 1939 1272 fa-

1178 1285 1331 1324 bricare,
1357 1283 1474 1328 eisque
1501 1284 1551 1317 ita
1581 1283 1697 1327 affici,
1721 1294 1760 1319 ut
1785 1285 1856 1332 ipsa
1880 1286 1940 1321 de-

1178 1344 1272 1366 mum
1312 1333 1452 1367 credant
1480 1332 1562 1368 stare
1601 1346 1671 1368 non
1704 1333 1796 1369 secus
1834 1344 1939 1382 atque

1179 1392 1272 1417 certa
1300 1396 1413 1418 rerum
1451 1382 1686 1425 documenta,
1715 1384 1848 1433 illaque
1879 1399 1939 1421 ve-

1178 1433 1244 1468 luti
1274 1433 1460 1470 certii‘iima
1485 1436 1564 1470 aliis
1592 1436 1698 1471 etiam
1729 1435 1936 1484 propinent.

1181 1486 1302 1531 Neque
1331 1485 1420 1520 mihi
1457 1498 1498 1521 eo
1527 1485 1632 1534 usque
1668 1486 1848 1531 blandior,
1876 1496 1938 1523 aut

1177 1533 1280 1570 fidere
1309 1534 1442 1580 didici,
1467 1537 1552 1585 quin
1582 1536 1723 1573 eandem
1755 1538 1938 1574 calamita-

1178 1596 1272 1629 tem,
1301 1599 1404 1633 quam
1434 1600 1498 1635 ego
1532 1588 1570 1623 in
1607 1588 1756 1623 aliorum
1795 1588 1934 1635 scriptis

1178 1636 1294 1671 videre
1332 1637 1420 1672 mihi
1451 1637 1543 1673 visus
1578 1638 1674 1679 sum,
1705 1639 1766 1674 alii
1797 1652 1936 1685 quoque

1177 1687 1212 1722 in
1256 1687 1457 1735 quisquiliis
1498 1688 1591 1725 hisce
1637 1690 1722 1725 meis
1763 1690 1937 1725 offendere

1180 1737 1325 1785 poffint.
1351 1739 1503 1774 Homini
1526 1742 1620 1775 enim
1646 1740 1682 1775 in
1709 1741 1860 1776 tenebris
1885 1741 1938 1776 al-

1178 1798 1288 1824 terum
1332 1789 1511 1824 hominem
1555 1791 1805 1837 conquirenti,
1848 1804 1935 1826 unus

1177 1839 1280 1875 facile
1309 1838 1374 1875 sese
1413 1853 1473 1886 pro
1503 1841 1613 1875 altero
1648 1840 1797 1886 objicit.
1828 1840 1936 1885 Quod

1178 1891 1285 1926 etiam
1315 1890 1373 1926 usu
1404 1890 1523 1929 venit,
1554 1890 1722 1925 habentur
1759 1890 1937 1926 interdum

1179 1951 1258 1976 ante
1284 1942 1382 1987 pedes
1411 1941 1482 1976 veri
1507 1940 1621 1976 fontes
1653 1954 1799 1981 vocum,
1825 1954 1937 1989 neque

1178 1991 1421 2027 discernuntur
1453 1993 1487 2026 in
1527 1993 1678 2039 caligine
1717 1991 1846 2039 posim,
1874 1996 1939 2027 do-

1180 2056 1241 2077 nec
1271 2044 1359 2078 alius
1398 2043 1467 2089 post
1505 2043 1586 2078 haec
1625 2042 1844 2090 supervenit,
1874 2042 1938 2090 qui

1179 2093 1316 2128 felicius
1358 2093 1532 2129 dete&um
1572 2093 1705 2129 fontem
1748 2093 1862 2142 digito
1898 2106 1940 2128 o-

1179 2144 1322 2179 stendit.
1362 2146 1529 2179 Attamen
1562 2144 1641 2180 dum
1682 2144 1790 2178 nimia
1828 2145 1940 2179 licen-

1153 2195 1251 2233 .tia,
1281 2205 1384 2242 atque
1421 2195 1562 2230 audacia
1599 2194 1680 2230 abfit
1720 2195 1762 2229 ab
1790 2197 1938 2239 Erymo-

1180 2246 1352 2293 logiarum
1395 2246 1640 2284 venatoribus.
1666 2246 1699 2280 &
1739 2245 1812 2280 veri
1844 2244 1940 2279 fimi-

1180 2297 1296 2331 litudo
1324 2297 1462 2344 aliqua,
1491 2295 1557 2330 sive
1594 2295 1766 2332 acuminis
1802 2294 1940 2343 aliquid

1181 2348 1217 2382 in
1241 2360 1358 2381 eorum
1390 2346 1597 2394 conjeSturis
1624 2345 1727 2391 infit,
1751 2345 1821 2394 ipsa
1849 2359 1938 2393 quo-

1182 2410 1249 2443 que
1288 2397 1349 2432 hac
1388 2397 1422 2431 in
1464 2411 1497 2432 re
1537 2397 1729 2432 tentamina
1766 2396 1937 2433 benevolo

1183 2447 1260 2483 sunt
1290 2447 1495 2487 excipienda
1524 2449 1666 2498 animog
1696 2461 1773 2483 nam
1801 2446 1837 2480 &
1866 2443 1938 2491 ipsa

1184 2498 1264 2534 aliis
1292 2498 1382 2533 viam
1410 2499 1552 2534 sternere
1577 2509 1728 2545 queunt,
1751 2504 1790 2530 ut
1814 2496 1850 2529 in
1877 2495 1939 2529 ab·

1183 2549 1258 2587 dita
1285 2561 1489 2599 penetrent,
1519 2546 1829 2631 deprehensamqug
1859 2553 1938 2580 tau-

1835 2607 1888 2631 cm
