2169 3047
374 212 458 265 399

367 268 526 308 mehiare,
546 280 634 315 quae
655 279 724 303 vox
751 267 895 304 Italicae
920 270 1078 315 Linguae
1123 270 1150 304 A

366 319 412 356 est
424 344 433 358 ‚
449 331 659 366 quamquam
677 319 714 354 in
733 319 969 355 vocabulario
985 317 1077 354 Cru-

367 369 470 406 scano
498 369 728 406 defideretur?

317 421 455 457 Niente.
493 422 606 456 Nihil.
647 420 823 457 Cinonius
859 434 901 457 ex
939 423 989 455 Ne
1025 434 1079 454 ens

367 473 492 520 quidem
519 472 741 507 efformatum
771 482 871 520 putat
897 471 1076 507 adverbia-

367 525 401 560 le
427 523 491 558 hoc
518 523 748 557 vocabulum.
772 525 818 558 Et
844 521 1000 568 ρτοῖεᾶὸ
1026 521 1077 557 uti

369 588 412 611 ex
441 576 490 608 Ne
524 585 605 606 unus
633 573 756 619 quidem
792 571 935 608 effluxit
971 572 1080 606 Niuno

369 626 532 672 (veteres
575 622 739 658 dicebant
774 623 910 670 Neuno)
953 623 1003 658 ita
1044 623 1073 657 8<

367 676 485 711 Niente
511 687 529 709 a
557 677 607 708 Ne
633 688 686 708 ens
712 674 836 721 quidem
872 673 1079 709 descendiffe

367 724 510 774 potuit,
537 737 576 759 ac
613 725 818 773 praecipue,
852 737 960 771 quum
997 726 1074 759 Ma-

368 777 460 825 jores
496 774 600 810 nostri
637 775 793 810 dicerent
829 778 968 811 Neeme.
1009 776 1079 810 Ve-

369 828 448 862 rhm
486 839 556 861 vox
586 828 655 861 Ens
692 825 919 861 Scholasticae
958 825 1076 860 Philo-

369 876 511 925 sophiae
539 876 654 913 foetus
677 877 743 916 est,
769 890 807 912 ac
835 876 981 924 proinde
1009 889 1080 911 non

371 929 504 964 multae
524 927 703 964 vetustatis
716 955 725 972 ,
747 929 954 976 Populoque
973 928 1080 963 etiam

370 979 513 1028 ignota.
533 979 689 1014 Minime
710 982 792 1014 vero
813 978 1000 1022 audiendi,
1021 976 1082 1025 qui

371 1043 391 1066 a
419 1033 569 1077 Negans,
597 1039 657 1066 aut
684 1044 703 1065 a
730 1034 816 1070 Res,
843 1031 930 1065 hanc
958 1041 1080 1065 vocem

370 1081 547 1117 deducunt
575 1081 663 1130 apud
691 1080 923 1128 Menagium.
959 1080 994 1115 Si
1024 1092 1083 1114 ve-

371 1144 409 1167 ra
451 1131 555 1174 sunt,
592 1144 680 1177 quae
720 1130 830 1165 tradit
867 1128 1083 1173 Hickefius‚

370 1181 541 1216 videlicet
569 1190 702 1215 veteres
739 1182 889 1215 Francos
919 1192 957 1214 ac
986 1181 1083 1214 Teu-

370 1241 471 1266 tones
514 1244 575 1278 pro
613 1231 709 1265 Nihil
745 1230 869 1265 dixiffe
908 1230 1082 1270 Niewt'th,

370 1282 546 1323 Nieweht,
588 1281 714 1322 Niebt,
756 1280 906 1323 suspicio
948 1280 1082 1314 oboriri

369 1331 506 1378 posset,
557 1329 640 1364 inde
689 1327 880 1376 proceffifl'e
931 1328 1081 1361 nostrum

370 1381 507 1416 Niente.

320 1431 428 1478 Noja.
465 1430 638 1469 Toedimn,
669 1432 805 1476 Angor,
843 1426 899 1463 seu
936 1426 1085 1470 Moleflia

370 1482 496 1518 animi.
536 1479 713 1527 Intrepide
751 1478 940 1522 Menagius
979 1491 1082 1514 voca-

371 1533 492 1567 bulum
525 1531 610 1566 istud
638 1543 657 1565 a
684 1529 819 1567 Latino
856 1529 962 1565 Noxia
992 1529 1081 1565 deri—

368 1592 449 1618 vat.
491 1581 663 1617 Affentiri
701 1593 771 1615 non
810 1581 963 1628 poffum.
1000 1580 1084 1615 Alia

369 1633 415 1669 est
450 1632 662 1681 significatio
690 1631 789 1667 vocis
827 1635 920 1667 Noxa
949 1629 987 1666 &
1016 1633 1082 1667 No-

369 1685 445 1724 xia,
483 1683 550 1719 five
579 1682 741 1718 DeliHum
775 1683 808 1716 8(
837 1683 986 1722 Crimen,
1015 1681 1083 1718 slve

368 1738 532 1771 Damnum
570 1733 745 1782 explices.
782 1733 898 1768 Gallis
933 1732 977 1768 est
1011 1735 1081 1767 En—

369 1799 454 1832 nuy,
483 1783 520 1821 &
559 1788 736 1831 Ennuyer‚
762 1783 856 1820 idem
885 1782 1082 1832 significans

368 1849 408 1871 ac
437 1836 587 1872 nostrum
617 1835 703 1879 Noja
730 1836 763 1870 8<
791 1834 980 1880 Annojare.
1018 1836 1082 1871 Er-

368 1898 414 1933 go
442 1896 501 1922 aut
528 1900 590 1924 nos
619 1887 661 1921 ab
689 1885 735 1921 iis
763 1886 975 1921 vocabulum
1005 1898 1082 1921 rnu-

367 1936 461 1972 tuati
489 1936 641 1977 fuimus,
669 1946 729 1972 aut
757 1936 814 1972 illi
843 1950 861 1971 a
895 1936 997 1971 nobis
1025 1949 1082 1971 ac-

368 1998 508 2034 cepere.
536 1988 686 2035 Hispani
713 2001 853 2035 quoque
878 1986 1007 2022 habent
1031 1989 1081 2021 Ε-

367 2036 440 2080 nojo
466 2038 500 2071 &
537 2038 692 2085 Enojar;
727 2038 782 2074 sed
813 2038 892 2073 iram
927 2038 961 2072 8<
992 2037 1083 2081 irasci

367 2087 457 2135 apud
486 2100 544 2122 eos
572 2085 763 2135 fignificat.
793 2090 973 2124 Praeterea
1003 2090 1081 2123 An-
1114 2100 1143 2134 Ε

367 2137 436 2185 glis
472 2137 518 2172 est
543 2141 689 2183 Amoy,
718 2135 755 2172 &
787 2142 984 2182 Annoyance
1019 2151 1081 2185 pro

366 2187 539 2228 Molestia,
566 2191 712 2223 Damno.
749 2187 854 2236 Apud
892 2200 1079 2234 quemnam
1104 2202 1105 2206 ¹

365 2251 409 2274 ex
439 2237 492 2277 his
523 2238 666 2286 Populis
694 2237 867 2272 statuenda
900 2238 939 2272 fit
968 2241 1079 2286 prima

363 2288 459 2324 sedes
503 2289 622 2328 vocis,
665 2288 755 2324 unde
796 2288 923 2335 reliqui
967 2289 1079 2336 postea

364 2340 407 2375 ad
432 2338 462 2374 se
489 2339 683 2379 traxerint,
705 2340 875 2374 incertum
904 2338 965 2374 est.
988 2342 1076 2375 Her-

365 2391 418 2425 cle
455 2392 567 2425 multa
604 2389 648 2425 est
676 2390 774 2425 illius
811 2388 1002 2436 antiquitas
1040 2391 1076 2425 in

364 2439 491 2476 Italica
519 2442 681 2488 Lingua.
715 2443 748 2475 si
778 2454 796 2475 a
824 2440 925 2475 nobis
963 2442 1077 2488 primo

363 2490 517 2540 profeEia
556 2490 622 2526 fuir
651 2490 897 2540 (conjeEiurae
933 2491 1070 2526 veniam

364 2543 472 2591 peto)
501 2541 651 2578 fortaffis
678 2542 859 2578 efformata
895 2540 1001 2580 fuerit
1031 2542 1073 2577 ab

723 207 1095 267 ΑΝΤῙρυιΤ.
1136 208 1347 252 MEDJJ
1381 210 1545 254 AEV!

1150 2263 1159 2576 ,ῑ

1839 230 1896 257 00

1247 268 1374 305 Italico
1410 274 1482 315 Νὸ,
1519 270 1588 307 five
1625 273 1722 306 Non.
1760 229 1853 308 Na9m
1892 271 1952 320 qui

1246 319 1365 356 toedio
1392 322 1424 356 8(
1462 335 1620 358 moerore
1656 322 1734 357 sunt
1763 321 1879 368 capti,
1911 323 1950 357 ad

1244 371 1363 407 omnia
1389 372 1589 421 respondere
1614 376 1686 408 Non
1715 372 1846 409 solent.
1873 374 1953 407 Pien

1243 422 1279 456 di
1305 423 1377 468 noja
1404 423 1575 463 dimmus,
1605 433 1708 470 atque
1739 424 1807 458 alia
1843 423 1952 471 phrasi

1242 472 1322 507 Pie„
1358 474 1394 507 di
1426 474 1566 517 lasciami
1595 475 1700 516 stare,
1728 487 1837 521 quum
1873 473 1952 522 quis

1242 523 1415 558 moestitia
1451 522 1589 566 νὶἃυε,
1620 523 1711 557 nihil
1750 525 1848 564 vult,
1875 537 1953 559 om-

1242 572 1302 608 nia
1338 572 1489 608 recusat.
1524 573 1562 607 Id
1599 572 1817 618 potiffimhm
1855 574 1950 621 pueri

1243 623 1365 658 flentes
1393 622 1504 659 faeere
1541 622 1814 659 consueverunt.
1853 625 1907 658 Ita
1934 638 1953 658 a

1243 678 1343 708 Retro
1366 674 1586 709 efformatum
1612 675 1758 719 Ritros0‚
1781 673 1873 722 quod
1899 674 1955 709 di-

1243 723 1376 764 cimus,
1414 738 1521 772 quum
1559 725 1637 773 quis
1674 725 1716 760 ab
1744 725 1789 760 iis
1827 725 1953 760 abhor-

1243 784 1377 810 rentem
1407 775 1439 810 se
1471 776 1608 823 prodit,
1636 789 1723 825 quae
1751 789 1770 811 a
1806 775 1954 823 reliquis

1243 835 1425 870 amantur,
1451 825 1542 874 quali
1572 826 1633 874 ipsi
1661 835 1788 876 negent
1813 836 1873 862 aut
1901 839 1954 861 re-

1244 876 1383 916 cusent,
1413 877 1581 912 vertendo
1609 877 1640 912 se
1670 877 1878 913 retrorsum.
1906 879 1954 911 Et

1243 927 1327 975 quid
1357 927 1378 962 fi
1408 927 1522 963 eadem
1555 927 1693 963 ratione
1731 937 1811 962 nata
1839 927 1954 962 fuiffet

1243 977 1418 1014 contraria
1440 992 1510 1014 vox
1534 978 1652 1020 Gioia,
1673 977 1868 1028 significans
1889 978 1955 1011 Hi-

1242 1029 1403 1065 lurica-tem
1448 1043 1487 1066 ac
1526 1030 1729 1072 Laetitiam,
1770 1041 1894 1077 nempe
1935 1041 1953 1063 a

1242 1080 1445 1116 Teutonico
1483 1083 1535 1120 Io,
1574 1080 1666 1128 quod
1705 1093 1797 1116 nunc
1827 1083 1898 1124 Ja,
1937 1091 1955 1113 a

1242 1130 1414 1176 plerisque
1454 1131 1727 1176 pronuntiatur,
1764 1130 1803 1166 &
1840 1129 1954 1165 nostro

1242 1180 1279 1213 S)
1316 1178 1521 1227 respondet?
1550 1183 1636 1226 que
1671 1180 1794 1214 dicunt
1835 1178 1955 1213 Galli.

1242 1238 1300 1274 Est
1321 1237 1357 1274 &
1379 1240 1531 1274 Graecae
1548 1238 1708 1286 Linguae
1726 1230 1779 1272 l‘o.)
1799 1232 1832 1270 81
1860 1230 1955 1276 Γωῆ.

1244 1291 1341 1322 Νυιτι
1377 1301 1420 1322 ex
1449 1289 1592 1321 Graecis
1629 1287 1800 1320 hausimus
1829 1286 1954 1328 Gioja?

1243 1336 1349 1370 Nihil
1391 1334 1550 1377 affirmo,
1593 1333 1647 1369 sed
1691 1335 1827 1369 tamtim
1871 1335 1954 1369 haec

1241 1392 1317 1420 tum
1346 1383 1389 1420 de
1415 1398 1503 1420 voce
1531 1384 1645 1424 Gioia‚
1673 1395 1749 1421 tum
1778 1386 1819 1420 de
1847 1385 1954 1420 altera

1240 1436 1328 1470 Noia
1354 1434 1503 1471 innuisse
1533 1435 1683 1483 juverit.

1189 1489 1282 1523 Nuca
1298 1513 1305 1521 .
1332 1487 1483 1531 Occiput.
1513 1486 1710 1523 Deducitur
1736 1500 1754 1522 a
1783 1486 1954 1535 Menagio

1241 1551 1259 1573 e
1288 1540 1383 1581 Nux,
1411 1538 1539 1582 Naris,
1578 1538 1667 1574 unde
1703 1541 1853 1574 Nucula.
1890 1537 1955 1573 Sed

1240 1601 1411 1636 quaenam
1455 1589 1618 1637 analogia
1660 1588 1754 1624 inter
1799 1590 1953 1636 Oct-ipat,

1239 1641 1273 1675 &
1302 1642 1450 1675 Nucem?
1479 1640 1668 1688 Duplicem
1696 1639 1807 1675 offero
1835 1640 1956 1687 conje-

1239 1689 1374 1726 &curam
1397 1718 1405 1727 .
1454 1691 1630 1728 Bocharto
1651 1719 1661 1735 ,
1703 1691 1842 1739 Giggeo
1867 1718 1877 1734 ,
1918 1690 1953 1725 δε

1238 1742 1365 1777 Gollio
1406 1741 1573 1788 testibus,
1610 1741 1764 1778 Arabica
1810 1740 1951 1789 Lingua

1238 1790 1344 1827 habet
1384 1793 1529 1836 Nasbu,
1570 1806 1658 1839 quae
1701 1792 1793 1827 idem
1832 1790 1878 1825 est
1912 1803 1952 1825 ac

1238 1845 1331 1879 Nuca
1359 1842 1544 1878 Italicum.
1574 1843 1759 1877 Avicenna
1794 1854 1863 1876 non
1901 1840 1953 1876 se-

1240 1893 1310 1929 mel
1352 1892 1395 1928 est
1432 1892 1508 1928 usus
1530 1920 1538 1929 .
1578 1891 1704 1928 Rursus
1741 1891 1951 1927 Germanica

1238 1943 1380 1992 Lingua
1421 1945 1513 1981 Nack
1551 1942 1587 1979 ἃ
1630 1944 1760 1981 Nacken
1797 1943 1952 1991 appellat

1238 1993 1298 2037 id,
1335 1994 1427 2041 quod
1465 2007 1527 2029 nos
1564 1994 1713 2030 dicimus
1742 1997 1852 2030 Nuca.
1882 1995 1950 2029 Al-

1238 2052 1370 2080 terutra
1409 2058 1452 2081 ex
1490 2044 1544 2080 his
1582 2045 1733 2093 Linguis
1770 2044 1858 2080 hanc
1887 2058 1951 2082 vo-

1239 2108 1312 2131 cem
1343 2095 1481 2131 fortasse
1508 2095 1609 2131 nobis
1645 2095 1761 2132 dedit.
1800 2097 1857 2132 Tu
1887 2109 1950 2144 po·-

1238 2146 1363 2181 tiorem
1389 2146 1625 2196 conje6³mram
1651 2146 1764 2194 elige,
1792 2145 1855 2182 nifi
1877 2160 1950 2181 ma·-

1237 2197 1282 2232 lis
1324 2206 1508 2245 utramque
1549 2207 1794 2233 contemnere.
1831 2195 1948 2232 Muti-

1238 2246 1396 2283 nenfibus
1424 2261 1462 2284 ac
1490 2247 1812 2285 Mediolanensibus
1843 2251 1950 2291 Onus-7

1237 2313 1299 2340 ca,
1337 2311 1407 2334 non
1444 2301 1527 2334 vero
1566 2302 1692 2343 Num,
1730 2304 1944 2343 nuncupatur

1238 2349 1390 2396 occiput.
1418 2350 1587 2386 Germani
1616 2350 1714 2401 ajunt
1741 2347 1879 2385 Genick.

1788 2588 1864 2623 oibb
1878 2613 1887 2626 .
