2169 3047
381 200 464 249 819
657 196 1085 253 ANTIQUIY.
1134 194 1379 237 MEDII
1421 194 1613 238 AEVI
1802 202 1885 239 διο

373 255 464 291 unde
504 256 612 290 etiam
655 258 734 289 War
779 255 1004 303 Angficum,
1046 255 1079 288 &
1107 255 1154 289 ‘A

373 309 490 341 Guerre
525 305 729 340 Gallicum.
767 307 819 340 At
856 305 935 340 inde
971 304 1079 339 eriam

374 355 539 405 prodiisse
567 359 674 395 Gara,
712 364 751 391 ut
788 355 973 403 Menagius
1001 367 1078 389 cen-

374 406 453 449 set,
490 406 551 441 fibi
589 405 736 441 minime
767 405 988 452 persuadeat,
1019 404 1080 451 qui

372 456 544 492 diversam
573 457 753 492 literarum
783 455 1005 498 six-nemum,
1027 455 1078 489 di-

373 507 576 553 versamque
618 506 795 551 utriunque
840 507 1002 540 vocabuli
1040 503 1080 538 fi-

373 557 638 604 gnificationem
658 554 864 590 confideret.
885 557 1003 600 Quare
1021 568 1078 592 uo-

373 608 444 643 tius
483 606 752 653 confugiendum
792 605 834 639 est
873 609 912 639 ad
953 605 1078 640 Arabi-

373 670 448 693 cam
481 657 676 705 Linguam,
705 656 759 690 cui
789 655 833 691 est
868 659 1004 699 Charo,
1041 654 1079 688 fi-

373 707 543 755 gnificans
580 707 749 747 Invidere,
788 706 982 746 «famulari,
1017 708 1079 738 Ze-

371 758 495 799 impia
528 758 687 794 laborare,
725 755 862 803 Giggeo
890 754 926 791 ὃ(
955 756 1080 790 Gollio

371 806 531 842 testibus.
563 806 645 841 Inde
674 806 834 840 Italicam
867 818 986 841 vocem
1011 808 1073 839 Ga-

370 872 408 892 ra
444 856 649 892 descendisse
685 856 822 904 opinari
860 857 945 891 licet
970 882 978 890 .
1022 856 1079 890 Ab

370 909 536 954 Aurigare
563 907 651 942 hanc
677 920 799 942 vocem
828 906 1003 942 Ferrarius
1023 905 1076 941 in·

371 957 568 994 felicissirne
594 957 773 994 trahebat.

324 1011 449 1044 Carbo.
487 1011 622 1047 Gratia,
662 1008 838 1053 Venustas,
877 1007 1078 1053 Elegantia,

372 1061 600 1094 Concinnitas.
640 1059 814 1094 Ferrarius
841 1072 859 1093 e
887 1061 994 1092 Garba
1030 1056 1078 1091 fa-

374 1110 505 1145 sciculo
534 1109 729 1156 spicarum3
759 1109 907 1157 Gujetus
935 1121 952 1142 e
972 1109 1077 1141 Grae-

374 1181 415 1203 co
454 1158 626 1214 Γαῦρον,
658 1169 813 1212 Etymon
851 1166 952 1212 hujus
984 1165 1080 1200 vocis

376 1219 505 1253 duxere
531 1244 539 1253 .
583 1217 691 1252 Nulla
733 1216 823 1251 mihi
868 1216 1045 1251 dubitatio
1071 1243 1080 1258 ‚

374 1268 461 1315 quin
489 1267 518 1302 ii
546 1266 679 1301 somnia
707 1267 905 1301 narrarint.
944 1268 1081 1301 Haereo

376 1326 497 1352 contra
525 1329 588 1363 ego
617 1316 653 1350 in
682 1316 845 1349 vocabuli
882 1315 983 1360 hujus
1010 1316 1080 1349 ori-

375 1367 457 1415 gine
485 1364 664 1413 fignanda.
702 1364 799 1399 Galli
839 1363 900 1399 vix
941 1376 1016 1399 eam
1047 1377 1081 1398 a-

375 1415 566 1466 gnoscunt,
610 1414 790 1450 Fureterio
832 1414 934 1458 teste,
978 1423 1082 1461 atque

370 1481 396 1503 ‘a
424 1466 525 1502 nobis
553 1464 584 1500 se
612 1465 769 1499 didicisse
798 1474 946 1512 putant.
985 1467 1081 1499 Con-

377 1528 439 1553 tra·
470 1515 566 1551 Italis
604 1515 647 1550 est
684 1514 895 1557 familiaris,
932 1516 964 1549 &
1003 1514 1082 1549 inde

371 1568 466 1602 aliae
495 1578 596 1601 voces
625 1565 847 1600 efformatae.
877 1565 982 1611 Apud
1008 1568 1081 1599 An-

375 1619 453 1664 glos
481 1629 620 1664 quoque
641 1616 755 1651 multo
776 1616 812 1650 in
834 1614 894 1650 usu
915 1615 958 1650 est
978 1617 1083 1650 Garb.

374 1669 542 1713 Baileyus
573 1665 759 1701 Britannus
783 1666 939 1713 Scriptor
965 1665 1086 1701 auctor

374 1718 448 1762 est,
485 1731 502 1753 e
532 1717 704 1752 saxonico
742 1716 889 1763 antiquo
926 1716 1085 1762 Gearpian

375 1767 582 1804 descendisse
613 1767 700 1802 hanc
722 1779 845 1802 vocem
868 1766 975 1801 Garb.
1004 1768 1085 1802 Hoc

377 1818 401 1852 si
430 1819 577 1861 statuas,
606 1817 688 1852 Itali
717 1830 855 1865 quoque
880 1830 898 1852 e
926 1817 1085 1864 gentibus

378 1868 584 1904 Borealibus
626 1881 700 1903 eam
744 1867 942 1915 acceperint
967 1894 975 1902 .
1022 1866 1086 1902 Sed

381 1918 457 1955 fieri
485 1919 589 1954 etiarn
630 1918 768 1965 potuit,
806 1927 844 1953 ut
871 1931 890 1953 a
918 1916 1018 1952 nobis
1047 1917 1085 1951 ad

380 1971 520 2018 ‚Anglos
534 1997 543 2011 ,
565 1969 719 2015 aliosque
738 1969 888 2015 Populos
905 1967 976 2015 ipsa
993 1977 1087 2002 tran-

381 2019 578 2067 smigrarit.
609 2022 730 2064 Iraque
757 2018 1018 2066 expendendum
1041 2019 1087 2051 E-

380 2069 509 2105 ruditis
537 2067 720 2114 relinqu0‚
749 2081 831 2103 num
860 2068 936 2103 fieri
965 2078 1087 2115 potue-

381 2120 456 2163 rit,
496 2128 536 2153 ut
574 2130 631 2162 per
669 2118 906 2159 metaphoram
936 2119 1087 2164 appelle-

381 2183 458 2205 mus
485 2167 592 2202 Garlao
619 2167 809 2212 elegantiam
837 2166 1020 2202 hominum
1050 2168 1086 2202 in

382 2234 462 2259 ore,
492 2219 660 2267 gestibus,
688 2217 720 2251 &
750 2217 1002 2263 colloquendo.
1032 2220 1088 2251 Vi-

383 2284 422 2306 no
449 2273 552 2304 Garbo
578 2267 728 2303 dicimus
766 2268 881 2300 Vinum
915 2268 1003 2313 probi
1033 2268 1087 2311 sa-

381 2321 488 2366 poris,
515 2319 608 2368 quod
637 2318 851 2364 summopere
879 2319 1012 2364 placet,
1040 2317 1089 2352 se-

386 2385 453 2417 que
481 2378 689 2418 attemperat
725 2368 921 2404 bibentium
960 2368 1089 2416 gustui.

387 2421 605 2457 Mutinenses
643 2432 779 2468 quoque
816 2418 938 2466 ajunt:
978 2418 1091 2465 ‚Quello

387 2473 431 2507 mi
458 2471 622 2519 aggavba,
659 2469 740 2506 idest
777 2469 821 2503 mi
845 2471 889 2503 dd
916 2468 990 2503 nell‘
1007 2481 1091 2502 umo-

384 2536 444 2568 re,
480 2524 524 2559 mi
555 2524 668 2570 piaco.
707 2522 803 2558 Num
840 2533 922 2569 ergo
948 2533 967 2557 e
996 2519 1091 2556 Vino

1237 253 1403 289 translata
1445 266 1515 289 vox
1557 253 1626 289 fuit
1666 253 1707 289 ad
1750 252 1944 298 homines,

1237 317 1313 340 earn
1341 303 1487 353 gratiam
1519 306 1554 339 in
1584 304 1715 353 agendo
1751 303 1944 351 praeferen-

1238 363 1315 398 tes,
1351 368 1438 402 quae
1465 356 1628 391 omnibus
1666 353 1806 400 placet?
1839 354 1944 390 Unde

1238 408 1322 440 vero
1351 405 1518 451 prodierit
1546 409 1607 440 Vm
1627 408 1752 446 Garbe,
1781 404 1802 439 fi
1833 405 1948 451 petis,

1238 454 1376 491 fortaffe
1413 455 1526 490 dicam
1548 482 1559 498 ,
1594 469 1612 491 e
1649 459 1754 490 Gauro
1789 454 1945 502 Campa-

1242 507 1320 540 niae
1348 515 1468 539 monte
1506 518 1611 551 prope
1647 508 1871 544 Surrentum,
1907 505 1944 540 in

1239 569 1309 602 quo
1355 555 1488 589 Vinum
1540 554 1699 602 gignitur
1745 556 1946 600 praecipuae

1241 603 1435 646 bonitatis,
1463 613 1566 650 atque
1595 604 1635 638 ab
1664 604 1819 650 antiquis
1843 604 1945 639 effuse

1241 656 1545 690 commendatum.
1574 657 1653 689 Vox
1683 653 1741 688 ista
1780 653 1882 688 facile
1909 653 1947 688 in

1240 708 1370 746 Gen-vo,
1399 717 1436 739 ac
1464 705 1602 739 tandem
1633 707 1669 738 in
1689 707 1794 739 Garbe>
1817 705 1948 739 immu-

1241 764 1314 790 tata
1342 754 1466 790 fuerit.
1495 754 1721 802 Conjechiris
1751 756 1846 789 locus
1875 753 1919 790 est
1939 781 1949 798 ,

1242 804 1300 840 ubi
1330 819 1381 840 res
1409 815 1501 840 certa
1529 805 1639 841 teneri
1669 806 1812 851 nequit.

1191 858 1383 901 Garbuglio.
1419 854 1589 899 Confusio,
1626 857 1813 890 Tumultus.
1852 854 1949 890 Hinc

1243 906 1503 950 Ingarbugliare,
1531 904 1622 941 idem
1652 906 1745 953 quod
1777 905 1950 940 lutricare.

1241 957 1339 991 Galli
1368 959 1513 1001 Grabuge
1542 956 1728 1005 dicebant3
1768 954 1820 989 sed
1859 955 1949 1001 apud

1242 1006 1324 1042 illos
1362 1006 1428 1054 jam
1460 1008 1682 1055 antiquatum
1719 1006 1785 1049 est,
1814 1004 1851 1041 &
1884 1008 1953 1041 Fu-

1242 1057 1371 1091 reterio
1399 1057 1553 1091 creditur
1580 1070 1597 1091 e
1625 1057 1799 1103 Garbuglio
1829 1056 1954 1090 Italico

1243 1106 1464 1140 derivatum.
1501 1109 1635 1141 Cavete
1672 1106 1733 1141 fibi
1763 1106 1951 1154 Menagius

1242 1155 1441 1198 debuiffet,
1473 1169 1520 1196 ne
1558 1157 1598 1190 ad
1637 1155 1742 1190 risum
1782 1155 1948 1190 Le9cores

1243 1205 1347 1241 serios
1384 1214 1654 1244 commoveret,
1694 1205 1774 1240 dum
1820 1205 1951 1246 scripsit

1243 1255 1437 1303 intrepide:
1460 1259 1552 1290 Vtene
1566 1256 1741 1299 ficuriffimo
1761 1257 1805 1289 da
1825 1258 1952 1290 Turba.

1245 1308 1300 1340 Ne
1333 1304 1484 1339 crassiori
1523 1306 1663 1350 quidem
1703 1305 1761 1339 sub
1790 1309 1863 1338 aere
1894 1319 1954 1340 na-

1243 1363 1298 1388 tus
1327 1353 1392 1388 hoc
1421 1354 1556 1388 credat.
1588 1356 1710 1398 Neque
1739 1353 1952 1391 laudabilior

1244 1403 1394 1439 Ferrarii
1423 1403 1572 1448 opinio,
1609 1417 1627 1438 a
1664 1405 1803 1449 Capillis
1832 1403 1955 1441 confu-

1244 1454 1310 1493 fis,
1347 1453 1512 1488 vocabuli
1550 1454 1651 1503 hujus
1679 1454 1851 1503 originem
1883 1464 1954 1490 tra-

1245 1504 1380 1539 hentis.
1410 1505 1565 1543 Dicunt,
1596 1515 1633 1540 ut
1658 1506 1791 1552 aliquid
1816 1506 1955 1541 dicant.

1246 1557 1386 1590 Davum
1428 1557 1460 1589 &
1500 1568 1564 1602 ego
1601 1555 1678 1590 heic
1717 1569 1771 1591 me
1809 1555 1950 1591 sentin.

1246 1608 1416 1641 Attamen
1439 1606 1578 1640 Eruditi
1609 1608 1842 1654 perpendant,
1871 1618 1955 1641 num

1247 1656 1482 1692 Lombardica
1513 1656 1691 1691 Dlal=.5tus
1730 1657 1849 1692 afferre
1889 1656 1957 1691 ali-

1247 1706 1331 1753 quid
1360 1706 1448 1741 lucis
1478 1705 1554 1741 heic
1583 1705 1708 1754 poffit.
1745 1705 1956 1741 Mutinensi-

1248 1757 1309 1790 bus
1339 1758 1424 1790 Bm'a
1460 1755 1505 1790 est
1542 1757 1671 1798 confusio
1698 1758 1730 1791 &
1761 1767 1876 1791 motus
1905 1756 1954 1791 ri-

1247 1805 1409 1842 xantium
1434 1814 1493 1840 aut
1515 1807 1765 1853 pugnantium.
1795 1808 1846 1842 Ita
1871 1810 1956 1840 Gar-

1248 1857 1354 1902 buglio
1404 1855 1543 1902 (nobis
1584 1858 1723 1890 Garbuio
1764 1858 1798 1892 &
1842 1859 1957 1902 Ingar-

1249 1907 1369 1954 buiar)
1403 1905 1636 1941 confufionem
1675 1920 1787 1942 rerum
1825 1905 1957 1955 signifi-

1251 1966 1332 1992 cat.
1372 1958 1466 1991 Num
1497 1970 1513 1991 a
1544 1956 1674 1992 Latino
1702 1958 1834 2001 Bullio,
1873 1969 1958 1992 con-

1250 2007 1373 2055 jun&o
1401 2019 1478 2041 cum
1507 2011 1574 2041 Gar
1600 2007 1825 2047 Teutonico,
1853 2005 1958 2055 {igni-

1252 2057 1378 2092 ficante
1420 2058 1563 2090 Multum
1600 2056 1637 2092 &
1677 2059 1798 2098 Valde„
1841 2057 1958 2105 potuit

1252 2107 1426 2143 efformari
1455 2108 1660 2154 Garbczglio?
1689 2110 1740 2143 Ita
1769 2107 1958 2153 Metapho-

1251 2159 1322 2194 rice
1349 2157 1498 2193 dicimus
1536 2159 1560 2190 il
1591 2159 1703 2193 bollore
1738 2160 1774 2193 cli
1809 2173 1872 2192 una
1900 2158 1959 2202 rt]-

1245 2209 1305 2254 Ja,
1341 2208 1377 2241 di
1411 2222 1474 2241 una
1511 2209 1592 2250 lite,
1630 2208 1662 2243 d'
1678 2223 1741 2243 una
1779 2208 1955 2255 battaglr'a.

1252 2258 1365 2305 Angli
1393 2271 1531 2306 quoque
1559 2261 1714 2298 Garboil,
1754 2257 1790 2294 ἃ
1828 2268 1857 2291 ²⁰
1885 2256 1957 2292 Boi!

1254 2309 1400 2344 Ebullire
1437 2310 1578 2346 dicunt.
1618 2309 1692 2345 Nifi
1722 2323 1739 2344 a
1767 2307 1865 2342 nobis
1892 2319 1958 2340 vo-

1255 2372 1328 2394 cem
1358 2358 1454 2393 istam
1484 2369 1712 2406 acceperunt,
1741 2357 1902 2391 videntur
1922 2357 1957 2391 ὃς

1255 2410 1311 2445 illi
1341 2423 1358 2444 e
1386 2412 1453 2443 Gar
1478 2410 1688 2445 Germanico
1723 2406 1759 2441 &
1798 2408 1872 2440 Boil
1909 2405 1959 2441 ef-

1256 2460 1414 2494 formaffe
1451 2461 1556 2495 hocce
1594 2457 1828 2499 vocabulum,
1865 2455 1958 2505 quasi

1255 2510 1389 2548 Garboit
1415 2509 1456 2546 sit
1482 2522 1597 2555 magna
1623 2505 1788 2543 ebullitio.

1843 2566 1911 2599 Ga-
