2169 3047
363 219 448 261 935
711 201 1078 260 ANTIQHT.
1119 200 1333 246 MEDJJ
1368 202 1526 246 AEV1
1796 211 1885 262 93⁶

355 264 468 314 gustus
509 263 618 299 Anno
659 261 789 299 christi
831 263 1065 299 CCCXCIX.
1100 264 1133 298 A

355 326 395 351 ut
423 315 468 349 est
505 313 540 350 in
579 315 604 350 l.
632 326 667 362 3.
694 314 776 351 Lib.
817 325 870 360 14.
903 314 980 350 Tit.
1012 325 1065 349 10.

356 365 506 403 Codicis
535 364 792 408 Theodofiani,
820 365 948 401 Edigio
968 364 1064 400 usum

356 422 527 465 Ragarum
547 416 756 460 interdixit,
782 416 1066 466 magnificentiae

357 469 393 504 &
429 467 547 503 decori
587 469 692 503 Urbis
728 467 939 504 consulens.
977 470 1066 502 Intra

359 521 471 555 Urbem
500 522 633 553 Romam
660 531 747 552 nemo
772 522 826 552 vet
854 520 982 565 Ragis,
1013 518 1067 552 vel

358 570 498 615 Tzanoi:
525 579 651 604 utatur.
690 570 785 604 Num
816 568 891 604 fieri
921 567 1066 616 potuit,

358 630 400 657 ut
428 619 568 665 Ragatii
594 620 852 667 appellarentur
876 619 959 654 vilis
984 631 1065 654 con-

359 670 509 707 ditionis
531 668 712 709 homines,
735 671 854 717 quales
875 670 972 705 Servi
994 669 1066 705 fue—

358 735 419 760 re,
446 723 528 767 quia
556 720 662 767 Ragis
689 719 829 756 induti?
870 719 1007 756 Habuit
1033 720 1066 755 &

356 769 557 815 Hebraica,
586 770 641 806 seu
670 770 809 817 Syriaca
837 771 977 820 Lingua
1005 783 1068 806 vo-

357 823 524 859 cabulum
565 826 678 861 Raca,
720 820 915 870 significans
952 821 1069 857 homi—

358 886 441 910 nem
483 872 621 917 nihili,
662 872 845 909 hominem
885 885 1070 922 pauperem

359 926 396 963 ,ἃ
438 923 639 972 εδῇεέὶυῐτι,
681 922 859 961 Matthaei
903 926 990 973 Cap.
1037 934 1071 969 5.

359 973 448 1011 vers.
478 987 535 1011 22.
571 975 705 1023 siquis
740 977 858 1011 dixerit
887 975 987 1022 fratri
1017 974 1074 1020 [κο

360 1030 455 1063 Rasa
481 1025 554 1065 &a
584 1028 680 1061 Num
709 1026 793 1063 hinc
825 1027 958 1063 Raeaeii
984 1038 1071 1061 nun—

361 1077 482 1127 cupati
511 1076 656 1114 viliores
683 1075 805 1114 Servi?
834 1077 959 1121 Adde,
986 1076 1073 1112 Gal—

362 1127 470 1163 licam
499 1127 675 1176 Linguam
693 1154 704 1170 ,
741 1127 798 1163 cui
826 1128 871 1163 est
899 1126 1073 1170 Racaille,

361 1177 467 1213 nobis
503 1178 724 1225 Ciurmaglia‚
758 1178 870 1212 Feccia
894 1178 947 1211 del
973 1179 1072 1223 Popo-

361 1228 414 1263 Ιο.
440 1228 625 1275 Appellati
653 1227 796 1265 demum
823 1227 917 1263 fuere
936 1232 1073 1274 Ragaz-

362 1279 400 1323 zi
426 1278 533 1313 etiam
565 1279 684 1319 Pueri,
712 1291 781 1324 qua
810 1278 947 1312 ratione
974 1277 1074 1311 vide-

362 1339 464 1366 mus,
500 1329 616 1360 servos
641 1325 730 1359 olim
759 1328 929 1359 Puerorum
955 1324 1072 1359 nomi-

362 1389 407 1413 ne
444 1376 696 1424 compellatos.
733 1375 955 1422 Ragaziorum
991 1375 1074 1410 verb

361 1427 501 1463 mentio
529 1425 618 1474 apud
646 1434 779 1464 veteres
808 1424 1007 1471 praesertim
1036 1424 1074 1460 in

361 1477 500 1515 militia
527 1490 706 1514 occurrere
733 1476 938 1513 consuevit.
968 1474 1074 1512 Mili-

361 1537 416 1566 tes
443 1528 538 1564 enirn
569 1527 663 1575 (quo
691 1526 836 1564 nomine
869 1536 953 1564 tunc
990 1525 1075 1563 defi-

332 1623 336 1628 ,
361 1579 460 1630 gnati
491 1579 649 1629 Equites)
679 1578 844 1626 Ragazios
871 1577 986 1615 secum
1015 1577 1075 1615 ad-

361 1631 560 1670 ducebant,
598 1629 726 1678 quibus
763 1628 1004 1666 custodiendos
1039 1629 1073 1665 δε

362 1680 552 1723 comendes
579 1693 687 1728 equos
715 1681 848 1716 tradere
877 1694 952 1718 mos
980 1679 1073 1729 fuit;

361 1732 414 1768 ita
442 1742 482 1770 ut
509 1731 634 1767 famuli
663 1731 761 1769 fuifl'e
783 1731 990 1775 videantur,
1019 1730 1076 1768 sed

360 1782 449 1819 vilis
490 1783 737 1821 conditionis.
780 1782 992 1819 Dominicus
1034 1782 1075 1818 de

362 1834 521 1871 Gravina
548 1833 586 1872 in
614 1833 818 1875 Chronico,
846 1834 966 1873 Tomo
995 1835 1076 1871 xit.

362 1886 446 1927 Rer.
483 1885 638 1923 Italicar.
675 1899 752 1935 pag.
792 1896 876 1933 595.
903 1885 945 1921 de
973 1886 1076 1923 Hun-

363 1935 458 1985 garis
484 1936 664 1984 equitibus
691 1936 835 1975 scribit:
868 1939 933 1974 Hoc
958 1936 1073 1971 unani·

362 1988 408 2021 mi
435 1987 603 2022 deliberato
629 1988 773 2029 consilio,
801 1987 890 2025 datis
916 1987 1003 2035 equis
1028 2000 1077 2024 co—

362 2049 434 2077 rum
461 2039 685 2083 Ragaczinis‚
721 2038 931 2085 unusquisque
954 2038 1049 2087 pedes
1065 2062 1076 2079 ‚

361 2087 549 2133 evaginatis
581 2087 726 2133 gladiis,
766 2089 945 2125 concivibus
979 2088 1074 2124 Civi-

363 2147 446 2174 tatis
473 2146 600 2173 mortem
625 2148 813 2176 mmantur.

313 2186 535 2235 Rallegrarfi.
572 2187 705 2225 Laetari
720 2211 730 2229 ‚
766 2187 956 2232 Exsultare.
993 2189 1077 2238 Ejus

365 2237 495 2289 origo,
524 2239 666 2283 Δίαιον,
702 2239 857 2280 Αἰαονὶι,
893 2239 983 2276 unde
1009 2242 1075 2276 Al-

365 2290 451 2337 legro
472 2315 484 2334 ‚
525 2287 563 2325 &
599 2289 722 2329 addito
758 2293 804 2326 R.
839 2289 923 2330 inde
963 2292 1078 2327 Raue—

363 2339 496 2387 grarst'.

315 2390 500 2438 Ramt'ngo.
527 2391 720 2434 solitarius,
750 2394 877 2440 Vagus,
904 2392 1077 2439 Profugus.

369 2444 423 2478 De
464 2440 590 2479 avibus
630 2442 812 2491 rapacibus
850 2443 934 2480 haec
971 2443 1080 2482 tradit

367 2491 623 2536 crescentius.
664 2493 719 2530 uti
756 2493 1080 2533 animadverterunt

371 2543 580 2587 Academici
607 2543 779 2584 Cruscani
814 2545 854 2586 in
882 2546 1080 2587 Vocabula-

1228 261 1309 298 rio:
1338 263 1476 310 ,Quello‚
1503 263 1554 298 che
1580 263 1618 298 di
1644 262 1732 298 m'dt’o
1759 265 1877 308 usi-ito,
1904 264 1942 299 di

1229 326 1315 348 ramo
1341 315 1375 348 in
1401 327 1485 350 ramo
1510 328 1555 350 va
1585 315 1777 362 seguitando
1811 315 1846 350 la
1871 329 1942 350 ma-

1229 365 1306 408 dre,
1341 377 1358 399 e
1385 364 1417 406 fi
1452 365 1573 401 chiama
1609 367 1793 412 Ramingy,
1829 367 1846 400 ὲ
1881 367 1943 400 mi-

1227 416 1352 462 gliore.
1389 415 1647 452 Similitudinis
1674 416 1789 452 caussa
1816 425 1942 465 putant

1232 466 1342 502 iidem
1371 466 1580 501 Academici
1617 468 1831 514 appellatum
1870 472 1942 502 Ra-

1232 519 1364 564 mingo,
1401 517 1535 562 queglt',
1570 516 1622 550 che
1656 529 1703 551 va
1735 518 1788 563 pel
1825 520 1943 553 Mondo

1232 570 1382 603 errando.
1411 568 1569 612 Etymon
1596 565 1663 602 hoc
1690 566 1840 614 arripuit
1864 569 1944 603 Me-

1235 617 1357 665 nagius
1383 643 1393 661 ‚
1439 616 1600 664 illudque
1639 618 1674 652 &
1710 631 1775 667 ego
1821 618 1943 653 lubens

1235 668 1340 704 laudo
1365 694 1374 702 .
1416 669 1589 703 Attamen
1625 680 1734 716 quum
1773 668 1834 704 vix
1872 670 1943 704 ulla

1235 718 1430 755 intercedat
1466 717 1662 755 fimilitudo
1697 720 1791 755 inter
1828 719 1945 754 homi-

1236 782 1315 805 nem
1346 769 1517 816 Profugum
1545 782 1603 818 per
1628 770 1748 806 orbern
1766 798 1777 814 ‚
1806 770 1862 807 seu
1889 775 1948 805 50-

1236 820 1404 864 liuuium,
1441 818 1480 856 &
1513 834 1612 856 avem
1640 821 1676 855 di
1709 821 1783 868 palo
1809 821 1844 856 in
1876 821 1948 865 fra·-

1231 871 1308 917 sca,
1346 870 1399 907 uti
1427 870 1541 907 dicere
1576 871 1754 916 solemus,
1791 871 1948 907 volitan-

1239 930 1332 958 tem:
1372 934 1481 970 quum
1509 921 1663 970 quilibet
1691 923 1800 958 etiam
1831 921 1949 957 homi-

1239 986 1323 1009 num
1351 972 1534 1022 gradiens,
1570 973 1612 1009 de
1647 974 1728 1009 loco
1764 972 1802 1009 in
1830 973 1948 1009 locum

1240 1034 1446 1064 moveatur,
1483 1037 1595 1072 neque
1631 1034 1813 1073 propterea
1841 1023 1952 1072 quili-

1240 1075 1300 1111 bet
1326 1075 1490 1121 Ramingo
1516 1076 1732 1124 appelletur:
1763 1073 1950 1110 dubitandi

1240 1125 1338 1161 locus
1367 1124 1537 1171 superest,
1576 1139 1619 1161 an
1647 1126 1766 1172 potiiis
1796 1125 1840 1161 ab
1868 1128 1951 1161 Ere-

1240 1188 1309 1209 mus
1348 1175 1521 1221 Eremingo
1562 1175 1728 1209 emerfiffe
1770 1175 1952 1223 potuerit,

1240 1224 1334 1272 quod
1387 1223 1499 1272 postea
1546 1226 1709 1271 Ramingo
1763 1224 1912 1260 evaserit
1943 1249 1953 1260 .

1243 1277 1337 1310 Nam
1365 1273 1459 1319 quod
1487 1278 1566 1313 Ra,
1592 1275 1627 1306 &
1655 1286 1727 1307 non
1755 1279 1805 1308 Re
1831 1287 1955 1310 occur-

1241 1330 1296 1357 rat
1336 1320 1438 1363 heic,
1479 1319 1572 1355 nihil
1613 1320 1745 1357 obstare
1786 1322 1953 1367 videtur,

1241 1384 1351 1419 quum
1391 1371 1426 1406 &
1463 1383 1507 1406 ex
1549 1371 1694 1406 Eremita
1729 1372 1954 1409 efformatum

1241 1421 1350 1459 fuerit
1397 1421 1527 1458 Romieo
1555 1447 1565 1459 .
1617 1423 1673 1459 Ita
1722 1436 1766 1459 ex
1820 1425 1956 1461 Graeco

1241 1474 1392 1524 Χελώυη
1435 1494 1507 1518 non
1556 1480 1739 1520 immerite
1791 1484 1955 1533 prodiisse

1242 1532 1397 1569 creditur
1416 1533 1692 1571 Lombardicum
1715 1534 1867 1571 nostrum
1888 1539 1957 1571 Ga-

1242 1585 1348 1627 iana,
1387 1585 1590 1627 Testudinem
1630 1584 1852 1634 significans,
1894 1587 1957 1624 ubi

1243 1634 1343 1672 vides
1371 1636 1435 1671 Che
1464 1634 1501 1671 in
1528 1639 1579 1672 Ga
1606 1635 1704 1673 fuiffe
1729 1636 1958 1674 conversum.

1244 1686 1316 1724 Uti
1346 1689 1429 1724 verb
1455 1700 1497 1723 ex
1523 1688 1617 1723 solus
1638 1687 1860 1724 efformatum
1889 1686 1959 1724 fuit

1243 1737 1400 1784 Solingo‚
1436 1737 1488 1774 ita
1525 1752 1568 1775 ex
1609 1741 1743 1773 Eremus
1779 1737 1956 1775 efformari

1244 1788 1363 1837 potuit
1390 1790 1577 1835 Ramingo.
1605 1790 1817 1836 Exemplum
1847 1789 1959 1825 etiam

1244 1852 1265 1877 a
1302 1838 1540 1874 Vocabulario
1576 1838 1653 1888 ipso
1693 1840 1786 1876 della
1824 1838 1958 1876 Crusca

1245 1889 1522 1939 suppeditatur:
1566 1890 1681 1926 perche*
1715 1890 1782 1931 Bai
1822 1901 1858 1924 tu
1897 1892 1958 1925 cos?

1245 1941 1408 1989 Ramingo
1444 1941 1530 1976 nella
1565 1941 1721 1976 strada?
1762 1939 1847 1977 idest
1884 1950 1957 1977 tam

1246 1993 1339 2027 Solus
1360 2018 1370 2035 ,
1411 2000 1483 2027 tam
1521 1991 1713 2026 Solitarius.
1751 1991 1805 2027 Sit
1840 1992 1961 2039 conje-

1246 2042 1364 2079 &urae
1392 2041 1533 2079 forsitan
1562 2042 1685 2079 audaci
1714 2041 1838 2079 venia.
1875 2044 1961 2079 Mu-
1976 2057 1988 2068 »ν

1246 2091 1390 2131 tinenfis
1426 2092 1597 2129 dialestus
1634 2092 1739 2130 habet
1767 2094 1906 2130 Andare
1941 2107 1962 2128 a

1241 2144 1408 2192 [marengo
1450 2143 1523 2193 pari
1569 2143 1677 2181 ferme
1722 2142 1820 2181 sensu
1856 2153 1961 2191 atque

1248 2196 1386 2232 Andare
1412 2194 1576 2241 ramingo.
1613 2196 1709 2232 Num
1738 2204 1777 2232 ut
1813 2194 1853 2232 in
1879 2193 1961 2231 aliis

1249 2246 1397 2283 vocibus
1437 2244 1568 2282 faaum
1611 2245 1656 2281 est
1692 2258 1755 2295 pro
1795 2245 1961 2294 Smaringo

1250 2296 1359 2334 Tusci
1387 2296 1547 2332 dixerint
1573 2296 1772 2344 Ramingo?

1182 2348 1411 2392 *Rampiconn
1452 2350 1628 2395 Harpago.
1665 2347 1759 2383 Vide
1796 2345 1960 2383 Disserta-

1249 2398 1385 2434 tionem
1418 2400 1548 2435 XXVI.
1574 2401 1612 2433 de
1640 2398 1791 2435 Militia.

1200 2450 1383 2496 Rampim.
1411 2450 1568 2486 Uncinus.
1596 2448 1688 2488 Vide
1714 2444 1856 2482 eandem
1878 2442 1961 2483 Dis-

1250 2499 1478 2536 i'ertationem
1495 2526 1505 2536 .

1198 2556 1444 2599 Rampognare.
1478 2546 1663 2588 Conviciari
1675 2571 1686 2590 ‚
1721 2545 1853 2585 Acriter
1886 2547 1960 2582 Ar.

1792 2608 1909 2646 guere,
