2169 3047
240 205 293 243 77
529 181 718 224 DJSSER
725 180 896 223 MTA-o
939 181 1353 228 VIGESIMAOCFA
1361 181 1460 224 VA.
1700 187 1749 235 γε

181 259 267 279 ‚flent
307 242 376 278 Ubi
405 245 516 276 Exme·
516 255 574 276 are
602 254 662 288 pro
685 242 760 274 bene
783 252 936 287 purgare.
974 246 1006 280 A
1050 240 1148 276 illius
1184 241 1300 289 gentis
1340 243 1433 287 Rege
1479 238 1644 286 percuffi.
1691 241 1808 273 Tareni

179 294 370 342 Singularis
398 302 519 327 contra
555 303 778 326 nummorum
808 290 935 338 species
1051 296 1130 326 verb
1159 291 1372 326 cudebantur
1408 289 1446 324 in
1485 291 1617 335 Apulia
1655 290 1689 325 &
1719 289 1810 324 Sici-

176 345 308 390 Perpm'
336 343 428 378 fuere
457 343 613 389 (Graeca
643 340 819 398 pecunia)
849 354 934 388 quo·
1047 342 1114 376 lia.
1143 342 1206 376 Sed
1234 340 1272 376 &a
1300 341 1420 376 Tareni
1446 340 1602 383 Africani
1640 354 1657 375 a
1685 342 1808 376 Leone

177 407 253 430 rum
283 393 442 441 frequens
470 393 514 427 est
542 392 677 427 mentio
713 391 750 426 in
778 391 935 427 Chroni-
1047 390 1190 426 Ostiensi
1212 401 1471 426 memorantur.
1499 390 1714 433 imperialium
1737 393 1809 425 De-

176 458 218 480 co
247 447 385 480 Veneto
415 443 590 481 Danduli,
618 451 722 489 atque
749 441 786 477 in
807 443 934 476 Orien—
1048 442 1250 485 uariorum,
1277 441 1346 477 five
1374 440 1573 476 solidorum
1605 441 1740 475 mentio
1767 441 1806 475 in

176 494 302 530 talium
327 495 540 542 Populorum
564 491 822 528 monumentis.
851 492 935 527 Ma-
1050 492 1153 526 Italia
1179 505 1358 527 occurrere
1395 490 1527 538 incipit
1564 491 1687 526 Seculo
1725 492 1806 526 XII.

175 545 255 581 rino
284 548 413 581 Sanuto
441 545 578 592 juniore
615 543 697 580 teste
737 542 773 578 in
803 542 933 577 Histor.
1048 542 1060 590 (
1089 542 1236 577 fortaffis
1281 542 1389 577 etiam
1431 541 1599 576 vetustior
1635 540 1709 589 est)
1738 540 1807 576 five

178 598 304 631 Vener.
339 597 458 631 Tomo
503 596 616 629 XXII.
660 596 738 628 Rer.
779 593 933 628 Italicar.
1046 593 1103 627 illi
1135 592 1283 628 Nummi
1312 591 1426 627 forent
1453 592 1490 627 in
1528 591 1710 639 Imperiali
1739 590 1808 627 Ti-

177 646 246 681 duo
274 646 402 690 Perperi
429 646 622 693 aequabant
644 657 750 679 unum
773 646 930 678 Ducatum
956 630 959 671 Ῑ
984 667 1012 701 Β
1047 642 1173 678 cinenfi
1201 642 1351 677 Moneta
1380 642 1523 690 percuffi
1541 671 1550 686 ,
1585 641 1653 677 five
1680 655 1698 677 a
1726 641 1807 677 Fri-

177 710 304 731 aurcum
333 699 531 731 Veneturn.
560 695 610 730 Hi
640 694 747 728 etiam
776 694 930 738 appella·
1046 693 1163 728 derico
1190 693 1218 728 Ι.
1248 692 1430 740 Augusto,
1459 692 1619 728 Caesarei
1648 691 1806 727 nominis

175 746 205 781 ti
235 746 409 793 Hyperperi
436 744 503 780 five
531 748 738 790 Hyperpera.
784 745 835 777 De
878 743 931 777 his
1047 743 1083 777 in
1112 743 1217 778 Italia
1245 753 1496 792 propagatore,
1524 743 1733 778 adinventi.
1762 743 1805 778 In

176 796 248 844 post
290 798 359 831 Du·
365 794 543 842 Cangium
582 794 658 843 egit
694 792 836 828 Clariss.
867 795 932 827 Vir
1046 792 1178 828 Charta
1230 794 1375 828 Gerardi
1423 793 1691 839 Archiepiscopi
1735 794 1807 827 Ra-

157 838 389 882 'Sebastianus
418 845 559 881 Paulius
587 845 624 880 in
666 843 931 878 Additamentis
1046 843 1206 877 vennatis
1234 847 1343 878 Anno
1371 845 1617 879 MCLxxvl.
1648 841 1802 889 scripta,

179 897 221 932 ad
265 896 428 932 Beverini
466 898 571 941 Synta
575 907 655 943 gma
693 895 734 928 de
765 893 931 928 Ponderi-
1046 893 1188 940 quidam
1227 893 1465 940 Emphyteuta
1508 893 1728 941 pollicetur,
1770 891 1804 927 se

175 947 264 982 bus.
291 950 502 982 Graecorum
533 958 671 993 quoque
701 944 849 980 Nummi
879 957 930 978 ar-
1045 943 1232 990 quotannis
1264 942 1517 990 persoluturum
1542 944 1738 987 Imperialem
1765 956 1805 975 u-

177 997 294 1045 gentei
325 997 441 1032 vocati
469 996 560 1031 fuer
528 1010 562 1020 ¹²
589 995 712 1041 Apri,
741 1003 800 1029 aut
822 995 930 1037 Alji,
1046 1007 1117 1027 num
1135 1021 1142 1028 .
1183 993 1378 1029 Fridericus
1419 995 1463 1029 11.
1492 1007 1510 1028 a
1549 993 1724 1028 Richardo
1761 992 1804 1027 de

178 1049 220 1083 de
256 1061 404 1095 quorum
448 1046 590 1081 nomine
631 1047 663 1080 <Sc
693 1045 770 1079 aelii
777 1044 930 1079 matione
1046 1043 1172 1078 sangro
1213 1046 1390 1079 Germano
1427 1043 1468 1078 ad
1500 1045 1645 1078 Annum
1675 1044 1804 1078 MCC-

178 1098 318 1132 consule
346 1110 452 1144 nuper
472 1096 650 1132 laudatum
678 1096 750 1130 Du·
738 1094 931 1143 -Cangium
1047 1096 1211 1128 XXXVI.
1250 1107 1346 1127 novos
1373 1094 1553 1140 Imperiales
1594 1093 1720 1128 cudiss'e
1748 1092 1805 1128 di-

176 1148 215 1183 in
247 1149 289 1182 D·-
296 1147 422 1182 ffertat.
443 1147 484 1182 de
510 1146 676 1182 Nummis
697 1148 932 1180 Graecorum
971 1157 1001 1190 C
1046 1146 1156 1179 citur.
1186 1145 1401 1190 Imperialtum
1429 1147 1511 1179 vero
1541 1144 1649 1180 Libra
1677 1142 1803 1191 quanti

175 1198 348 1233 Attamen
378 1200 524 1233 sanutus
553 1197 669 1244 junior
696 1196 849 1231 indicare
879 1194 933 1230 vi·
1045 1195 1157 1238 foret,
1209 1194 1328 1229 innuit
1369 1194 1574 1230 Matthaeus
1622 1194 1717 1229 Paris
1759 1193 1803 1228 ad

175 1247 298 1292 detur,
325 1249 446 1295 Aspros
473 1261 541 1282 non
570 1246 657 1282 alios
686 1246 783 1282 fuiffe
811 1259 829 1281 a
855 1250 931 1280 Per·
1047 1248 1190 1280 Annum
1242 1246 1486 1280 MCCXLIX.
1522 1257 1802 1280 commemorans

174 1300 291 1345 peris;
317 1299 397 1333 dum
427 1297 577 1341 scribit,
619 1310 724 1332 unum
756 1299 930 1331 Ducatum
1046 1295 1208 1330 offodecim
1243 1295 1349 1330 millia
1385 1296 1556 1330 Librarum
1589 1300 1628 1329 de
1669 1298 1804 1329 Moneta

179 1361 320 1384 aureum
359 1351 533 1384 Venerum
576 1347 590 1395 (
621 1360 712 1383 nunc
739 1347 931 1394 Zecchino)
1046 1346 1280 1392 Imperidium,
1321 1359 1399 1391 quae
1438 1357 1562 1380 tantum
1602 1345 1665 1389 fere
1690 1345 1803 1384 valet,

178 1398 312 1434 duobus
339 1400 458 1446 Aspris
485 1399 597 1447 pretio
625 1398 685 1433 suo
705 1397 931 1446 respondisse.
1046 1407 1197 1442 quantum
1236 1395 1503 1442 Esterlingorum.
1554 1398 1599 1431 Et
1651 1396 1801 1431 celebres

178 1450 398 1489 Melachinos,
441 1448 495 1483 seu
535 1449 735 1483 Malachinos
777 1448 931 1482 valentes
1046 1447 1187 1493 quidem
1216 1456 1300 1481 tunc
1327 1445 1365 1480 in
1393 1445 1498 1481 Italia
1539 1459 1678 1493 quoque
1705 1445 1800 1480 fuere

179 1497 261 1532 0810
288 1498 427 1532 Groffos
468 1497 566 1545 supra
593 1508 885 1532 commemoratos
913 1509 931 1531 a
1048 1495 1182 1530 denarii
1219 1496 1397 1542 sterlingi,
1443 1509 1486 1531 ex
1533 1496 1659 1544 quibus
1699 1496 1801 1531 vario

181 1548 400 1595 Cabrospino
441 1546 478 1582 in
521 1546 577 1582 sua
606 1547 725 1581 scheda
754 1548 931 1582 vidimus.
1047 1546 1152 1581 modo
1180 1559 1242 1593 pro
1268 1554 1466 1592 temporum
1492 1545 1690 1582 diverfitate
1711 1545 1801 1594 apud

179 1599 257 1634 Hos
285 1597 439 1633 Cencius
467 1597 687 1633 Camerarius
708 1596 744 1631 in
765 1599 932 1632 Ceremo-
974 1605 1004 1637 D
1047 1597 1169 1630 Gallos
1196 1594 1234 1630 &
1264 1595 1450 1630 Britannos
1487 1597 1596 1631 Libra
1634 1597 1802 1631 conficie-

179 1698 305 1746 eosque
333 1701 481 1731 Monetae
507 1697 637 1730 Italicae
664 1696 811 1743 speciem
848 1695 928 1730 fuis·
1049 1695 1280 1743 Du-Cangius
1323 1695 1360 1730 in
1412 1696 1586 1731 Gloffario
1638 1696 1800 1732 Latino.

178 1748 213 1784 se
248 1747 414 1790 opinatur
463 1748 536 1781 Du·
542 1746 655 1802 Cangi
661 1759 717 1781 us.
760 1745 931 1780 Arabicae
1046 1745 1144 1781 Mihi
1174 1744 1255 1780 satis
1283 1745 1327 1780 cst
1353 1745 1391 1780 in
1419 1745 1507 1779 hanc
1534 1758 1606 1779 rem
1632 1746 1801 1792 produce-

179 1798 248 1834 five
276 1795 495 1832 saracenicae
521 1796 670 1843 orioinis
701 1808 821 1830 vocem
844 1795 931 1830 hanc
1046 1809 1081 1830 re
1109 1794 1277 1830 Chartam
1307 1807 1433 1837 unam,
1470 1808 1512 1830 ex
1542 1797 1646 1830 MSto
1673 1795 1801 1831 Cencii

180 1848 334 1884 extitiffe
349 1848 491 1890 censeo,
519 1860 537 1882 a
561 1848 662 1880 Mele·
665 1848 706 1889 h,
736 1846 816 1880 idest
836 1848 931 1885 Rex,
1046 1845 1241 1881 Camerarii
1263 1844 1396 1880 Codice
1416 1844 1623 1893 descriptam
1637 1872 1646 1888 ,
1674 1845 1710 1881 in
1732 1859 1800 1893 qua

181 1898 386 1938 ἀεάυδὶεῐῃ,
426 1897 518 1946 quod
555 1896 660 1932 effent
704 1895 854 1933 Nummi
891 1897 932 1932 ab
1045 1896 1275 1943 sterlingorum
1302 1895 1346 1930 est
1373 1895 1558 1944 peculiaris
1587 1896 1742 1932 mentio.

179 1648 270 1684 niali
313 1651 472 1683 Romano
514 1648 713 1692 Meloqm'nos
754 1648 930 1694 appellat·
1017 1646 1172 1832 'batum
1213 1647 1263 1680 De
1299 1645 1344 1680 iis
1381 1644 1607 1681 consulendus
1640 1647 1800 1681 laudatus

212 2014 410 2058 Confeffio
440 2013 540 2055 faffla
571 2029 592 2056 a
625 2014 805 2068 johanne
837 2013 884 2054 de
915 2011 1115 2054 Columna
1147 2010 1309 2052 Sanfflae
1340 2012 1547 2052 Romanae
1579 2011 1772 2053 Ecclefiae

296 2073 497 2116 Cardinali
545 2073 591 2114 de
632 2074 793 2130 pecunia
839 2071 906 2113 fibi
950 2069 1140 2126 persoluta
1180 2069 1342 2110 nomine
1385 2070 1570 2125 Gregorii
1614 2073 1684 2113 ΙΧ,

738 2134 893 2188 Papae,
948 2133 1068 2171 Anno
1116 2143 1239 2183 ¹232·

976 2254 1022 2296 ΕΙ
1044 2250 1138 2284 titulo
1165 2248 1304 2284 Sanc‘t'ae
1331 2275 1340 2284 .
1368 2277 1377 2286 .
1405 2277 1413 2285 .
1440 2277 1449 2284 .
1476 2252 1642 2297 Presbyter
1683 2252 1802 2284 Cardi-

1047 2301 1153 2343 nalis,
1190 2299 1367 2343 confitemur
1403 2300 1448 2338 ὡ
1486 2302 1719 2347 recognoscimus
1747 2302 1804 2335 bac

185 2356 358 2401 Trigeli'mo
383 2357 547 2394 secundo,
575 2354 781 2398 Pontificatus
809 2354 940 2388 Domini
1047 2350 1180 2398 presenti
1226 2351 1277 2383 die
1322 2349 1458 2394 Vecepfffe
1498 2366 1517 2384 a
1557 2361 1586 2384 te
1626 2352 1803 2396 Caponigro

185 2407 329 2451 Gregorii
359 2409 461 2440 Panae
492 2408 544 2440 ῙΧ.
572 2408 672 2439 Anno
698 2408 810 2445 sexto,
848 2405 939 2438 Indi·
1050 2405 1255 2443 Provenzano
1277 2402 1447 2434 Rfercatore
1466 2400 1613 2441 Senensi,
1643 2401 1716 2441 (ocio
1737 2404 1803 2434 Bo-

186 2458 288 2494 {lione
317 2459 352 2491 V.
387 2456 489 2495 Mense
515 2455 632 2499 Aorili
657 2455 708 2489 die
729 2457 770 2489 II.
792 2458 856 2489 Nos
875 2458 938 2498 Jo—
964 2450 968 2491 Ι
1050 2450 1136 2485 bonis
1155 2450 1316 2494 Jobsmm's
1343 2451 1477 2485 Bobonis
1497 2451 1649 2491 Camforis
1675 2449 1804 2485 Domini

189 2507 308 2554 bannos
333 2508 373 2542 de
399 2507 552 2542 Columna
567 2533 578 2552 ,
604 2505 723 2542 divina
748 2501 974 2552 miserationel
1021 2503 1159 2548 lPapae
1174 2524 1184 2540 ι
1205 2501 1349 2550 solvente
1374 2500 1441 2536 vice
1467 2502 1513 2544 ἔφ’
1541 2502 1660 2536 nomine
1688 2498 1805 2534 Domni

1677 2552 1755 2585 Gre-

235 2258 269 2290 N
294 2255 414 2289 nomine
442 2255 590 2291 Domini.
631 2259 732 2290 Anno
759 2254 939 2290 Dominio-ae

261 2305 489 2340 Incarnatt'onis
518 2305 690 2346 Millefimo
732 2305 939 2345 &tacentestmo
