<?xml version="1.0" encoding="UTF-8"?>
<!DOCTYPE html PUBLIC "-//W3C//DTD XHTML 1.0 Transitional//EN"
    "http://www.w3.org/TR/xhtml1/DTD/xhtml1-transitional.dtd">
<html xmlns="http://www.w3.org/1999/xhtml" xml:lang="en" lang="en">
 <head>
  <title>
</title>
<meta http-equiv="Content-Type" content="text/html;charset=utf-8" />
  <meta name='ocr-system' content='tesseract 3.04.00' />
  <meta name='ocr-capabilities' content='ocr_page ocr_carea ocr_par ocr_line ocrx_word'/>
</head>
<body>
  <div class='ocr_page' id='page_1' title='image "antiquitatesital06mura_0342.png"; bbox 0 0 2169 3047; ppageno 0'>
   <div class='ocr_carea' id='block_1_1' title="bbox 384 197 1175 2580">
    <p class='ocr_par' dir='ltr' id='par_1_1' title="bbox 384 197 1175 2580">
     <span class='ocr_line' id='line_1_1' title="bbox 396 197 478 243; baseline 0.012 -1"><span class='ocrx_word' id='word_1_1' title='bbox 396 197 478 243; x_wconf 63' lang='lat'>⁶75</span> 
     </span>
     <span class='ocr_line' id='line_1_2' title="bbox 384 247 1175 294; baseline 0.005 -13"><span class='ocrx_word' id='word_1_2' title='bbox 384 247 485 294; x_wconf 77' lang='lat' dir='ltr'>gius:</span> <span class='ocrx_word' id='word_1_3' title='bbox 529 250 581 283; x_wconf 82' lang='lat' dir='ltr'>Da</span> <span class='ocrx_word' id='word_1_4' title='bbox 617 248 752 289; x_wconf 72' lang='lat' dir='ltr'>Alvus.</span> <span class='ocrx_word' id='word_1_5' title='bbox 780 251 960 290; x_wconf 60' lang='lat' dir='ltr'>Almam,</span> <span class='ocrx_word' id='word_1_6' title='bbox 991 250 1101 285; x_wconf 72' lang='lat' dir='ltr'>Avel-</span> <span class='ocrx_word' id='word_1_7' title='bbox 1127 250 1175 288; x_wconf 59' lang='lat' dir='ltr'>{A</span> 
     </span>
     <span class='ocr_line' id='line_1_3' title="bbox 387 299 1101 341; baseline 0.007 -10"><span class='ocrx_word' id='word_1_8' title='bbox 387 299 459 341; x_wconf 79' lang='lat' dir='ltr'>lus,</span> <span class='ocrx_word' id='word_1_9' title='bbox 487 299 630 335; x_wconf 68' lang='lat' dir='ltr'>Avello.</span> <span class='ocrx_word' id='word_1_10' title='bbox 658 304 783 335; x_wconf 81' lang='lat' dir='ltr'>Ovvero</span> <span class='ocrx_word' id='word_1_11' title='bbox 808 303 851 336; x_wconf 82' lang='lat' dir='ltr'>da</span> <span class='ocrx_word' id='word_1_12' title='bbox 883 304 1008 336; x_wconf 82' lang='lat' dir='ltr'>Cavum</span> <span class='ocrx_word' id='word_1_13' title='bbox 1035 303 1101 336; x_wconf 84' lang='lat' dir='ltr'>Ca-</span> 
     </span>
     <span class='ocr_line' id='line_1_4' title="bbox 387 350 1101 396; baseline 0.004 -13"><span class='ocrx_word' id='word_1_14' title='bbox 387 350 531 394; x_wconf 73' lang='lat' dir='ltr'>vellum,</span> <span class='ocrx_word' id='word_1_15' title='bbox 568 351 783 391; x_wconf 80' lang='lat' dir='ltr'>Cha-vellum,</span> <span class='ocrx_word' id='word_1_16' title='bbox 821 354 1017 396; x_wconf 67' lang='lat' dir='ltr'>Rea-vellum,</span> <span class='ocrx_word' id='word_1_17' title='bbox 1044 355 1101 386; x_wconf 74' lang='lat' dir='ltr'>A·</span> 
     </span>
     <span class='ocr_line' id='line_1_5' title="bbox 387 400 1101 450; baseline 0.004 -16"><span class='ocrx_word' id='word_1_18' title='bbox 387 400 478 436; x_wconf 80' lang='lat' dir='ltr'>velo.</span> <span class='ocrx_word' id='word_1_19' title='bbox 507 401 572 436; x_wconf 74' lang='grc' dir='ltr'>Ρίὶι</span> <span class='ocrx_word' id='word_1_20' title='bbox 600 400 639 435; x_wconf 88' lang='lat' dir='ltr'>m‘</span> <span class='ocrx_word' id='word_1_21' title='bbox 655 404 800 449; x_wconf 80' lang='lat' dir='ltr'>aggrada</span> <span class='ocrx_word' id='word_1_22' title='bbox 826 403 860 438; x_wconf 84' lang='lat' dir='ltr'>la</span> <span class='ocrx_word' id='word_1_23' title='bbox 884 403 990 450; x_wconf 77' lang='lat' dir='ltr'>prima</span> <span class='ocrx_word' id='word_1_24' title='bbox 1015 403 1101 437; x_wconf 77' lang='lat' dir='ltr'>deri-</span> 
     </span>
     <span class='ocr_line' id='line_1_6' title="bbox 386 452 1100 502; baseline 0.006 -17"><span class='ocrx_word' id='word_1_25' title='bbox 386 452 544 498; x_wconf 61' lang='lat' dir='ltr'>vazione.</span> <span class='ocrx_word' id='word_1_26' title='bbox 573 454 748 488; x_wconf 87' lang='lat' dir='ltr'>Neutrum</span> <span class='ocrx_word' id='word_1_27' title='bbox 772 452 962 497; x_wconf 82' lang='lat' dir='ltr'>satisfacit,</span> <span class='ocrx_word' id='word_1_28' title='bbox 991 467 1100 502; x_wconf 87' lang='lat' dir='ltr'>quan—</span> 
     </span>
     <span class='ocr_line' id='line_1_7' title="bbox 388 503 1101 551; baseline 0.003 -14"><span class='ocrx_word' id='word_1_29' title='bbox 388 515 495 550; x_wconf 83' lang='lat' dir='ltr'>quam</span> <span class='ocrx_word' id='word_1_30' title='bbox 524 503 636 551; x_wconf 85' lang='lat' dir='ltr'>prima</span> <span class='ocrx_word' id='word_1_31' title='bbox 663 503 765 551; x_wconf 87' lang='lat' dir='ltr'>origo</span> <span class='ocrx_word' id='word_1_32' title='bbox 795 504 944 539; x_wconf 88' lang='lat' dir='ltr'>minime</span> <span class='ocrx_word' id='word_1_33' title='bbox 972 518 990 539; x_wconf 90' lang='lat' dir='ltr'>a</span> <span class='ocrx_word' id='word_1_34' title='bbox 1019 518 1101 540; x_wconf 88' lang='lat' dir='ltr'>vero</span> 
     </span>
     <span class='ocr_line' id='line_1_8' title="bbox 388 553 1100 590; baseline 0.003 -2"><span class='ocrx_word' id='word_1_35' title='bbox 388 553 594 589; x_wconf 76' lang='lat' dir='ltr'>abhorreat.</span> <span class='ocrx_word' id='word_1_36' title='bbox 632 553 852 589; x_wconf 83' lang='lat' dir='ltr'>Mutinenses</span> <span class='ocrx_word' id='word_1_37' title='bbox 881 554 905 587; x_wconf 79' lang='lat' dir='ltr'>l’</span> <span class='ocrx_word' id='word_1_38' title='bbox 921 554 1026 590; x_wconf 75' lang='lat' dir='ltr'>Albio</span> <span class='ocrx_word' id='word_1_39' title='bbox 1051 554 1100 590; x_wconf 83' lang='lat' dir='ltr'>de’</span> 
     </span>
     <span class='ocr_line' id='line_1_9' title="bbox 389 603 1102 653; baseline 0.006 -16"><span class='ocrx_word' id='word_1_40' title='bbox 389 604 473 650; x_wconf 82' lang='lat' dir='ltr'>porci</span> <span class='ocrx_word' id='word_1_41' title='bbox 500 604 679 652; x_wconf 88' lang='lat' dir='ltr'>appellant</span> <span class='ocrx_word' id='word_1_42' title='bbox 714 603 894 653; x_wconf 86' lang='lat' dir='ltr'>ligneum,</span> <span class='ocrx_word' id='word_1_43' title='bbox 923 614 982 640; x_wconf 88' lang='lat' dir='ltr'>aut</span> <span class='ocrx_word' id='word_1_44' title='bbox 1010 618 1102 641; x_wconf 89' lang='lat' dir='ltr'>mar-</span> 
     </span>
     <span class='ocr_line' id='line_1_10' title="bbox 389 653 1100 704; baseline 0.006 -16"><span class='ocrx_word' id='word_1_45' title='bbox 389 666 548 689; x_wconf 89' lang='lat' dir='ltr'>moreum</span> <span class='ocrx_word' id='word_1_46' title='bbox 588 667 668 698; x_wconf 84' lang='lat' dir='ltr'>vas,</span> <span class='ocrx_word' id='word_1_47' title='bbox 696 653 732 689; x_wconf 91' lang='lat' dir='ltr'>in</span> <span class='ocrx_word' id='word_1_48' title='bbox 761 668 832 703; x_wconf 88' lang='lat' dir='ltr'>quo</span> <span class='ocrx_word' id='word_1_49' title='bbox 868 654 941 691; x_wconf 89' lang='lat' dir='ltr'>sues</span> <span class='ocrx_word' id='word_1_50' title='bbox 976 669 1100 704; x_wconf 84' lang='lat' dir='ltr'>aquam</span> 
     </span>
     <span class='ocr_line' id='line_1_11' title="bbox 387 703 1171 743; baseline 0.003 -4"><span class='ocrx_word' id='word_1_51' title='bbox 387 703 599 740; x_wconf 82' lang='lat' dir='ltr'>esculentam</span> <span class='ocrx_word' id='word_1_52' title='bbox 629 704 780 741; x_wconf 89' lang='lat' dir='ltr'>bibunt.</span> <span class='ocrx_word' id='word_1_53' title='bbox 809 707 844 741; x_wconf 90' lang='lat' dir='ltr'>A</span> <span class='ocrx_word' id='word_1_54' title='bbox 872 706 1006 743; x_wconf 91' lang='lat' dir='ltr'>Latino</span> <span class='ocrx_word' id='word_1_55' title='bbox 1033 707 1102 742; x_wconf 73' lang='lat' dir='ltr'>Al·</span> <span class='ocrx_word' id='word_1_56' title='bbox 1143 706 1171 741; x_wconf 91' lang='lat' dir='ltr'>B</span> 
     </span>
     <span class='ocr_line' id='line_1_12' title="bbox 387 754 1102 804; baseline 0.007 -15"><span class='ocrx_word' id='word_1_57' title='bbox 387 768 468 799; x_wconf 82' lang='lat' dir='ltr'>veo,</span> <span class='ocrx_word' id='word_1_58' title='bbox 487 764 525 791; x_wconf 84' lang='lat' dir='ltr'>ut</span> <span class='ocrx_word' id='word_1_59' title='bbox 545 754 691 801; x_wconf 84' lang='lat' dir='ltr'>opinor.</span> <span class='ocrx_word' id='word_1_60' title='bbox 713 758 753 792; x_wconf 90' lang='lat' dir='ltr'>In</span> <span class='ocrx_word' id='word_1_61' title='bbox 771 755 905 793; x_wconf 85' lang='lat' dir='ltr'>Charta</span> <span class='ocrx_word' id='word_1_62' title='bbox 928 758 1102 804; x_wconf 85' lang='lat' dir='ltr'>plenariae</span> 
     </span>
     <span class='ocr_line' id='line_1_13' title="bbox 386 804 1100 845; baseline 0.004 -4"><span class='ocrx_word' id='word_1_63' title='bbox 386 804 584 842; x_wconf 82' lang='lat' dir='ltr'>securitatis</span> <span class='ocrx_word' id='word_1_64' title='bbox 618 808 725 844; x_wconf 87' lang='lat' dir='ltr'>Anno</span> <span class='ocrx_word' id='word_1_65' title='bbox 762 807 892 844; x_wconf 88' lang='lat' dir='ltr'>Christi</span> <span class='ocrx_word' id='word_1_66' title='bbox 930 809 1100 845; x_wconf 83' lang='lat' dir='ltr'>DLXIV.</span> 
     </span>
     <span class='ocr_line' id='line_1_14' title="bbox 386 855 1100 906; baseline 0.006 -15"><span class='ocrx_word' id='word_1_67' title='bbox 386 855 535 904; x_wconf 64' lang='lat' dir='ltr'>scripta,</span> <span class='ocrx_word' id='word_1_68' title='bbox 563 866 668 906; x_wconf 89' lang='lat' dir='ltr'>atque</span> <span class='ocrx_word' id='word_1_69' title='bbox 697 857 792 894; x_wconf 64' lang='lat' dir='ltr'>edita</span> <span class='ocrx_word' id='word_1_70' title='bbox 817 873 836 894; x_wconf 90' lang='lat' dir='ltr'>a</span> <span class='ocrx_word' id='word_1_71' title='bbox 866 859 1040 895; x_wconf 84' lang='lat' dir='ltr'>Briffonio</span> <span class='ocrx_word' id='word_1_72' title='bbox 1068 860 1100 895; x_wconf 87' lang='lat'>&amp;</span> 
     </span>
     <span class='ocr_line' id='line_1_15' title="bbox 386 907 1100 958; baseline 0.003 -16"><span class='ocrx_word' id='word_1_73' title='bbox 386 907 631 953; x_wconf 84' lang='lat' dir='ltr'>Mabillonio,</span> <span class='ocrx_word' id='word_1_74' title='bbox 659 909 789 958; x_wconf 86' lang='lat' dir='ltr'>legitur</span> <span class='ocrx_word' id='word_1_75' title='bbox 815 911 939 950; x_wconf 74' lang='lat' dir='ltr'>Albio,</span> <span class='ocrx_word' id='word_1_76' title='bbox 967 909 1005 946; x_wconf 72' lang='grc' dir='ltr'>ἃ</span> <span class='ocrx_word' id='word_1_77' title='bbox 1032 913 1100 946; x_wconf 73' lang='lat' dir='ltr'>At-</span> 
     </span>
     <span class='ocr_line' id='line_1_16' title="bbox 387 959 1102 1006; baseline 0.006 -13"><span class='ocrx_word' id='word_1_78' title='bbox 387 959 461 993; x_wconf 81' lang='lat' dir='ltr'>bido</span> <span class='ocrx_word' id='word_1_79' title='bbox 496 960 618 1006; x_wconf 72' lang='lat' dir='ltr'>ligneo.</span> <span class='ocrx_word' id='word_1_80' title='bbox 649 961 821 997; x_wconf 81' lang='lat' dir='ltr'>Attamen</span> <span class='ocrx_word' id='word_1_81' title='bbox 853 974 924 997; x_wconf 88' lang='lat' dir='ltr'>non</span> <span class='ocrx_word' id='word_1_82' title='bbox 961 962 1102 997; x_wconf 86' lang='lat' dir='ltr'>aliunde</span> 
     </span>
     <span class='ocr_line' id='line_1_17' title="bbox 386 1010 1102 1060; baseline 0.004 -15"><span class='ocrx_word' id='word_1_83' title='bbox 386 1010 512 1045; x_wconf 64' lang='lat' dir='ltr'>Avello</span> <span class='ocrx_word' id='word_1_84' title='bbox 554 1010 744 1059; x_wconf 75' lang='lat' dir='ltr'>proceffiss‘e</span> <span class='ocrx_word' id='word_1_85' title='bbox 786 1021 899 1060; x_wconf 84' lang='lat' dir='ltr'>puto,</span> <span class='ocrx_word' id='word_1_86' title='bbox 936 1013 1042 1060; x_wconf 67' lang='lat' dir='ltr'>quarn</span> <span class='ocrx_word' id='word_1_87' title='bbox 1084 1026 1102 1048; x_wconf 90' lang='lat' dir='ltr'>a</span> 
     </span>
     <span class='ocr_line' id='line_1_18' title="bbox 389 1059 1101 1112; baseline 0.004 -17"><span class='ocrx_word' id='word_1_88' title='bbox 389 1059 522 1096; x_wconf 80' lang='lat' dir='ltr'>Latino</span> <span class='ocrx_word' id='word_1_89' title='bbox 565 1063 733 1106; x_wconf 69' lang='lat' dir='ltr'>Labrum,</span> <span class='ocrx_word' id='word_1_90' title='bbox 775 1063 872 1112; x_wconf 87' lang='lat' dir='ltr'>cujus</span> <span class='ocrx_word' id='word_1_91' title='bbox 914 1062 1101 1099; x_wconf 86' lang='lat' dir='ltr'>diminuti-</span> 
     </span>
     <span class='ocr_line' id='line_1_19' title="bbox 388 1111 1099 1160; baseline 0.006 -16"><span class='ocrx_word' id='word_1_92' title='bbox 388 1123 472 1146; x_wconf 88' lang='lat' dir='ltr'>vum</span> <span class='ocrx_word' id='word_1_93' title='bbox 513 1111 557 1147; x_wconf 85' lang='lat' dir='ltr'>est</span> <span class='ocrx_word' id='word_1_94' title='bbox 585 1114 781 1147; x_wconf 84' lang='lat' dir='ltr'>Labellum:</span> <span class='ocrx_word' id='word_1_95' title='bbox 816 1113 943 1160; x_wconf 86' lang='lat' dir='ltr'>quibus</span> <span class='ocrx_word' id='word_1_96' title='bbox 985 1113 1099 1148; x_wconf 85' lang='lat' dir='ltr'>norni-</span> 
     </span>
     <span class='ocr_line' id='line_1_20' title="bbox 387 1160 1169 1211; baseline 0.004 -16"><span class='ocrx_word' id='word_1_97' title='bbox 387 1160 492 1196; x_wconf 86' lang='lat' dir='ltr'>nibus</span> <span class='ocrx_word' id='word_1_98' title='bbox 529 1162 749 1198; x_wconf 82' lang='lat' dir='ltr'>donabantur</span> <span class='ocrx_word' id='word_1_99' title='bbox 778 1162 858 1198; x_wconf 86' lang='lat' dir='ltr'>vasa</span> <span class='ocrx_word' id='word_1_100' title='bbox 896 1163 1032 1211; x_wconf 87' lang='lat' dir='ltr'>lapidea</span> <span class='ocrx_word' id='word_1_101' title='bbox 1061 1163 1102 1198; x_wconf 91' lang='lat' dir='ltr'>ad</span> <span class='ocrx_word' id='word_1_102' title='bbox 1137 1160 1169 1194; x_wconf 85' lang='lat' dir='ltr'>C</span> 
     </span>
     <span class='ocr_line' id='line_1_21' title="bbox 391 1210 1100 1261; baseline 0.007 -16"><span class='ocrx_word' id='word_1_103' title='bbox 391 1210 640 1247; x_wconf 85' lang='lat' dir='ltr'>continendam</span> <span class='ocrx_word' id='word_1_104' title='bbox 669 1226 817 1261; x_wconf 80' lang='lat' dir='ltr'>aquam,</span> <span class='ocrx_word' id='word_1_105' title='bbox 845 1214 985 1254; x_wconf 82' lang='lat' dir='ltr'>oleum,</span> <span class='ocrx_word' id='word_1_106' title='bbox 1013 1213 1100 1250; x_wconf 88' lang='lat' dir='ltr'>alio·</span> 
     </span>
     <span class='ocr_line' id='line_1_22' title="bbox 389 1260 1102 1312; baseline 0.006 -16"><span class='ocrx_word' id='word_1_107' title='bbox 389 1260 472 1308; x_wconf 86' lang='lat' dir='ltr'>sque</span> <span class='ocrx_word' id='word_1_108' title='bbox 508 1262 682 1310; x_wconf 83' lang='lat' dir='ltr'>liquores.</span> <span class='ocrx_word' id='word_1_109' title='bbox 710 1265 881 1299; x_wconf 80' lang='lat' dir='ltr'>Lavellum</span> <span class='ocrx_word' id='word_1_110' title='bbox 917 1265 1102 1312; x_wconf 89' lang='lat' dir='ltr'>posteriora</span> 
     </span>
     <span class='ocr_line' id='line_1_23' title="bbox 389 1313 1102 1360; baseline 0.004 -13"><span class='ocrx_word' id='word_1_111' title='bbox 389 1313 511 1348; x_wconf 83' lang='lat' dir='ltr'>Secula</span> <span class='ocrx_word' id='word_1_112' title='bbox 551 1315 801 1360; x_wconf 85' lang='lat' dir='ltr'>appellarunt,</span> <span class='ocrx_word' id='word_1_113' title='bbox 839 1315 1007 1351; x_wconf 79' lang='lat' dir='ltr'>familiari</span> <span class='ocrx_word' id='word_1_114' title='bbox 1043 1316 1102 1351; x_wconf 87' lang='lat' dir='ltr'>usu</span> 
     </span>
     <span class='ocr_line' id='line_1_24' title="bbox 389 1364 1101 1400; baseline 0.004 -3"><span class='ocrx_word' id='word_1_115' title='bbox 389 1364 550 1399; x_wconf 86' lang='lat' dir='ltr'>mutandi</span> <span class='ocrx_word' id='word_1_116' title='bbox 579 1365 617 1398; x_wconf 91' lang='lat' dir='ltr'>B.</span> <span class='ocrx_word' id='word_1_117' title='bbox 647 1364 682 1398; x_wconf 90' lang='lat' dir='ltr'>in</span> <span class='ocrx_word' id='word_1_118' title='bbox 725 1367 767 1399; x_wconf 93' lang='lat' dir='ltr'>V.</span> <span class='ocrx_word' id='word_1_119' title='bbox 796 1365 1008 1399; x_wconf 87' lang='lat' dir='ltr'>consonans.</span> <span class='ocrx_word' id='word_1_120' title='bbox 1036 1369 1101 1400; x_wconf 82' lang='lat' dir='ltr'>La-</span> 
     </span>
     <span class='ocr_line' id='line_1_25' title="bbox 387 1413 1102 1460; baseline 0.006 -14"><span class='ocrx_word' id='word_1_121' title='bbox 387 1414 526 1456; x_wconf 67' lang='lat' dir='ltr'>bellum,</span> <span class='ocrx_word' id='word_1_122' title='bbox 555 1413 615 1448; x_wconf 88' lang='lat' dir='ltr'>ubi</span> <span class='ocrx_word' id='word_1_123' title='bbox 644 1427 732 1460; x_wconf 89' lang='lat' dir='ltr'>aqua</span> <span class='ocrx_word' id='word_1_124' title='bbox 771 1414 953 1449; x_wconf 66' lang='lat' dir='ltr'>benedifflza</span> <span class='ocrx_word' id='word_1_125' title='bbox 991 1414 1102 1450; x_wconf 85' lang='lat' dir='ltr'>adser—</span> 
     </span>
     <span class='ocr_line' id='line_1_26' title="bbox 386 1463 1100 1512; baseline 0.003 -14"><span class='ocrx_word' id='word_1_126' title='bbox 386 1474 491 1499; x_wconf 81' lang='lat' dir='ltr'>vatur</span> <span class='ocrx_word' id='word_1_127' title='bbox 509 1463 545 1499; x_wconf 91' lang='lat' dir='ltr'>in</span> <span class='ocrx_word' id='word_1_128' title='bbox 564 1465 726 1512; x_wconf 87' lang='lat' dir='ltr'>Templis</span> <span class='ocrx_word' id='word_1_129' title='bbox 741 1489 750 1503; x_wconf 93' lang='lat'><em>‚</em></span> <span class='ocrx_word' id='word_1_130' title='bbox 767 1465 921 1500; x_wconf 82' lang='lat' dir='ltr'>occurrit</span> <span class='ocrx_word' id='word_1_131' title='bbox 938 1465 973 1500; x_wconf 87' lang='lat' dir='ltr'>in</span> <span class='ocrx_word' id='word_1_132' title='bbox 992 1464 1100 1501; x_wconf 88' lang='lat' dir='ltr'>Char-</span> 
     </span>
     <span class='ocr_line' id='line_1_27' title="bbox 387 1514 1102 1552; baseline 0.003 -3"><span class='ocrx_word' id='word_1_133' title='bbox 387 1524 424 1549; x_wconf 69' lang='lat' dir='ltr'>ta</span> <span class='ocrx_word' id='word_1_134' title='bbox 447 1515 540 1550; x_wconf 86' lang='lat' dir='ltr'>edita</span> <span class='ocrx_word' id='word_1_135' title='bbox 563 1528 580 1548; x_wconf 94' lang='lat' dir='ltr'>a</span> <span class='ocrx_word' id='word_1_136' title='bbox 608 1514 799 1550; x_wconf 87' lang='lat' dir='ltr'>Puricellio</span> <span class='ocrx_word' id='word_1_137' title='bbox 826 1515 861 1550; x_wconf 90' lang='lat' dir='ltr'>in</span> <span class='ocrx_word' id='word_1_138' title='bbox 887 1518 1102 1552; x_wconf 85' lang='lat' dir='ltr'>Monumen-</span> 
     </span>
     <span class='ocr_line' id='line_1_28' title="bbox 388 1564 1103 1602; baseline 0.004 -3"><span class='ocrx_word' id='word_1_139' title='bbox 388 1564 436 1599; x_wconf 75' lang='lat' dir='ltr'>tis</span> <span class='ocrx_word' id='word_1_140' title='bbox 475 1564 640 1600; x_wconf 69' lang='lat' dir='ltr'>Bafilicae</span> <span class='ocrx_word' id='word_1_141' title='bbox 679 1566 949 1602; x_wconf 77' lang='lat' dir='ltr'>Ambrofianae.</span> <span class='ocrx_word' id='word_1_142' title='bbox 987 1566 1103 1602; x_wconf 78' lang='lat' dir='ltr'>Muti-</span> 
     </span>
     <span class='ocr_line' id='line_1_29' title="bbox 386 1614 1172 1665; baseline 0.003 -15"><span class='ocrx_word' id='word_1_143' title='bbox 386 1627 451 1650; x_wconf 85' lang='lat' dir='ltr'>nae</span> <span class='ocrx_word' id='word_1_144' title='bbox 480 1614 591 1651; x_wconf 87' lang='lat' dir='ltr'>adhuc</span> <span class='ocrx_word' id='word_1_145' title='bbox 627 1629 867 1665; x_wconf 83' lang='lat' dir='ltr'>nuncupamus</span> <span class='ocrx_word' id='word_1_146' title='bbox 895 1618 921 1651; x_wconf 82' lang='lat' dir='ltr'>il</span> <span class='ocrx_word' id='word_1_147' title='bbox 948 1619 1104 1658; x_wconf 63' lang='lat' dir='ltr'>Lavelhw,</span> <span class='ocrx_word' id='word_1_148' title='bbox 1140 1614 1172 1647; x_wconf 86' lang='lat' dir='ltr'>D</span> 
     </span>
     <span class='ocr_line' id='line_1_30' title="bbox 386 1668 1104 1716; baseline 0.006 -16"><span class='ocrx_word' id='word_1_149' title='bbox 386 1678 622 1702; x_wconf 85' lang='lat' dir='ltr'>marmoreum</span> <span class='ocrx_word' id='word_1_150' title='bbox 654 1681 733 1711; x_wconf 81' lang='lat' dir='ltr'>vas,</span> <span class='ocrx_word' id='word_1_151' title='bbox 763 1668 799 1703; x_wconf 90' lang='lat' dir='ltr'>in</span> <span class='ocrx_word' id='word_1_152' title='bbox 833 1682 904 1716; x_wconf 91' lang='lat' dir='ltr'>quo</span> <span class='ocrx_word' id='word_1_153' title='bbox 932 1668 1104 1704; x_wconf 87' lang='lat' dir='ltr'>culinaria</span> 
     </span>
     <span class='ocr_line' id='line_1_31' title="bbox 388 1716 1105 1767; baseline 0.006 -16"><span class='ocrx_word' id='word_1_154' title='bbox 388 1716 469 1752; x_wconf 86' lang='lat' dir='ltr'>vasa</span> <span class='ocrx_word' id='word_1_155' title='bbox 494 1727 705 1767; x_wconf 87' lang='lat' dir='ltr'>purgantur.</span> <span class='ocrx_word' id='word_1_156' title='bbox 728 1721 915 1755; x_wconf 80' lang='lat' dir='ltr'>Translata</span> <span class='ocrx_word' id='word_1_157' title='bbox 945 1734 1013 1755; x_wconf 86' lang='lat' dir='ltr'>vox</span> <span class='ocrx_word' id='word_1_158' title='bbox 1035 1719 1105 1756; x_wconf 86' lang='lat' dir='ltr'>fuit</span> 
     </span>
     <span class='ocr_line' id='line_1_32' title="bbox 388 1767 1104 1818; baseline 0.007 -16"><span class='ocrx_word' id='word_1_159' title='bbox 388 1767 431 1802; x_wconf 81' lang='lat' dir='ltr'>ad</span> <span class='ocrx_word' id='word_1_160' title='bbox 471 1769 580 1803; x_wconf 84' lang='lat' dir='ltr'>Arcas</span> <span class='ocrx_word' id='word_1_161' title='bbox 619 1768 846 1816; x_wconf 83' lang='lat' dir='ltr'>sepulcrales,</span> <span class='ocrx_word' id='word_1_162' title='bbox 875 1771 967 1818; x_wconf 90' lang='lat' dir='ltr'>quod</span> <span class='ocrx_word' id='word_1_163' title='bbox 1005 1772 1037 1806; x_wconf 90' lang='lat'>&amp;</span> <span class='ocrx_word' id='word_1_164' title='bbox 1074 1770 1104 1806; x_wconf 91' lang='lat' dir='ltr'>i-</span> 
     </span>
     <span class='ocr_line' id='line_1_33' title="bbox 390 1817 1103 1870; baseline 0.006 -17"><span class='ocrx_word' id='word_1_165' title='bbox 390 1817 456 1853; x_wconf 78' lang='lat' dir='ltr'>stae</span> <span class='ocrx_word' id='word_1_166' title='bbox 494 1817 608 1854; x_wconf 83' lang='lat' dir='ltr'>forent</span> <span class='ocrx_word' id='word_1_167' title='bbox 645 1819 823 1867; x_wconf 80' lang='lat' dir='ltr'>lapideae,</span> <span class='ocrx_word' id='word_1_168' title='bbox 860 1835 971 1870; x_wconf 90' lang='lat' dir='ltr'>neque</span> <span class='ocrx_word' id='word_1_169' title='bbox 1009 1821 1103 1857; x_wconf 85' lang='lat' dir='ltr'>diffi-</span> 
     </span>
     <span class='ocr_line' id='line_1_34' title="bbox 390 1867 1104 1918; baseline 0.01 -16"><span class='ocrx_word' id='word_1_170' title='bbox 390 1867 490 1903; x_wconf 89' lang='lat' dir='ltr'>milis</span> <span class='ocrx_word' id='word_1_171' title='bbox 519 1867 671 1905; x_wconf 81' lang='lat' dir='ltr'>formae:</span> <span class='ocrx_word' id='word_1_172' title='bbox 702 1872 735 1906; x_wconf 75' lang='grc' dir='ltr'>δε</span> <span class='ocrx_word' id='word_1_173' title='bbox 765 1870 940 1907; x_wconf 66' lang='lat' dir='ltr'>subtrassto</span> <span class='ocrx_word' id='word_1_174' title='bbox 969 1874 1013 1909; x_wconf 91' lang='lat' dir='ltr'>L.</span> <span class='ocrx_word' id='word_1_175' title='bbox 1042 1887 1104 1918; x_wconf 89' lang='lat' dir='ltr'>pro</span> 
     </span>
     <span class='ocr_line' id='line_1_35' title="bbox 389 1919 1103 1968; baseline 0.007 -14"><span class='ocrx_word' id='word_1_176' title='bbox 389 1919 526 1954; x_wconf 83' lang='lat' dir='ltr'>Lavello</span> <span class='ocrx_word' id='word_1_177' title='bbox 564 1921 784 1968; x_wconf 85' lang='lat' dir='ltr'>pronuntiari</span> <span class='ocrx_word' id='word_1_178' title='bbox 822 1932 983 1967; x_wconf 85' lang='lat' dir='ltr'>coeptum</span> <span class='ocrx_word' id='word_1_179' title='bbox 1014 1924 1058 1959; x_wconf 88' lang='lat' dir='ltr'>est</span> <span class='ocrx_word' id='word_1_180' title='bbox 1086 1938 1103 1959; x_wconf 94' lang='lat' dir='ltr'>a</span> 
     </span>
     <span class='ocr_line' id='line_1_36' title="bbox 389 1969 1103 2010; baseline 0.007 -4"><span class='ocrx_word' id='word_1_181' title='bbox 389 1969 517 2006; x_wconf 77' lang='lat' dir='ltr'>Tuscis</span> <span class='ocrx_word' id='word_1_182' title='bbox 539 1972 681 2007; x_wconf 73' lang='lat' dir='ltr'>Avello.</span> <span class='ocrx_word' id='word_1_183' title='bbox 709 1975 747 2008; x_wconf 91' lang='lat' dir='ltr'>In</span> <span class='ocrx_word' id='word_1_184' title='bbox 771 1973 856 2009; x_wconf 86' lang='lat' dir='ltr'>Vita</span> <span class='ocrx_word' id='word_1_185' title='bbox 882 1974 1001 2010; x_wconf 63' lang='lat' dir='ltr'>Samsti</span> <span class='ocrx_word' id='word_1_186' title='bbox 1026 1977 1103 2010; x_wconf 89' lang='lat' dir='ltr'>An-</span> 
     </span>
     <span class='ocr_line' id='line_1_37' title="bbox 389 2019 1101 2069; baseline 0.011 -14"><span class='ocrx_word' id='word_1_187' title='bbox 389 2019 489 2056; x_wconf 81' lang='lat' dir='ltr'>selmi</span> <span class='ocrx_word' id='word_1_188' title='bbox 531 2024 776 2059; x_wconf 88' lang='lat' dir='ltr'>Nonantulani</span> <span class='ocrx_word' id='word_1_189' title='bbox 814 2025 989 2069; x_wconf 85' lang='lat' dir='ltr'>Abbatis‚</span> <span class='ocrx_word' id='word_1_190' title='bbox 1021 2025 1101 2062; x_wconf 90' lang='lat' dir='ltr'>scri-</span> 
     </span>
     <span class='ocr_line' id='line_1_38' title="bbox 387 2069 1173 2120; baseline 0.01 -15"><span class='ocrx_word' id='word_1_191' title='bbox 387 2071 448 2118; x_wconf 68' lang='lat' dir='ltr'>pta</span> <span class='ocrx_word' id='word_1_192' title='bbox 495 2074 629 2119; x_wconf 35' lang='lat' dir='ltr'>seculo,</span> <span class='ocrx_word' id='word_1_193' title='bbox 656 2074 812 2117; x_wconf 83' lang='lat' dir='ltr'>Christi,</span> <span class='ocrx_word' id='word_1_194' title='bbox 860 2085 899 2112; x_wconf 88' lang='lat' dir='ltr'>ut</span> <span class='ocrx_word' id='word_1_195' title='bbox 935 2077 1101 2120; x_wconf 81' lang='lat' dir='ltr'>videtur,</span> <span class='ocrx_word' id='word_1_196' title='bbox 1143 2069 1173 2103; x_wconf 78' lang='lat' dir='ltr'>E</span> 
     </span>
     <span class='ocr_line' id='line_1_39' title="bbox 388 2124 1100 2171; baseline 0.01 -15"><span class='ocrx_word' id='word_1_197' title='bbox 388 2124 519 2162; x_wconf 78' lang='lat' dir='ltr'>Nono,</span> <span class='ocrx_word' id='word_1_198' title='bbox 549 2137 654 2171; x_wconf 88' lang='lat' dir='ltr'>quam</span> <span class='ocrx_word' id='word_1_199' title='bbox 683 2125 761 2161; x_wconf 84' lang='lat' dir='ltr'>dedi</span> <span class='ocrx_word' id='word_1_200' title='bbox 794 2127 885 2162; x_wconf 85' lang='lat' dir='ltr'>Part.</span> <span class='ocrx_word' id='word_1_201' title='bbox 915 2128 961 2163; x_wconf 84' lang='grc' dir='ltr'>ΙΙ.</span> <span class='ocrx_word' id='word_1_202' title='bbox 990 2128 1100 2164; x_wconf 88' lang='lat' dir='ltr'>Tomi</span> 
     </span>
     <span class='ocr_line' id='line_1_40' title="bbox 388 2174 1100 2213; baseline 0.008 -6"><span class='ocrx_word' id='word_1_203' title='bbox 388 2174 418 2208; x_wconf 92' lang='grc' dir='ltr'>Ι.</span> <span class='ocrx_word' id='word_1_204' title='bbox 449 2176 526 2208; x_wconf 89' lang='lat' dir='ltr'>Rer.</span> <span class='ocrx_word' id='word_1_205' title='bbox 554 2175 709 2210; x_wconf 85' lang='lat' dir='ltr'>Italicar.</span> <span class='ocrx_word' id='word_1_206' title='bbox 746 2175 891 2212; x_wconf 55' lang='lat' dir='ltr'>sanetus</span> <span class='ocrx_word' id='word_1_207' title='bbox 927 2177 991 2213; x_wconf 85' lang='lat' dir='ltr'>ille</span> <span class='ocrx_word' id='word_1_208' title='bbox 1025 2179 1100 2213; x_wconf 89' lang='lat' dir='ltr'>Ab·</span> 
     </span>
     <span class='ocr_line' id='line_1_41' title="bbox 388 2223 1100 2264; baseline 0.007 -5"><span class='ocrx_word' id='word_1_209' title='bbox 388 2223 448 2259; x_wconf 87' lang='lat' dir='ltr'>bas</span> <span class='ocrx_word' id='word_1_210' title='bbox 485 2224 647 2260; x_wconf 87' lang='lat' dir='ltr'>conditus</span> <span class='ocrx_word' id='word_1_211' title='bbox 689 2226 820 2262; x_wconf 84' lang='lat' dir='ltr'>dicitur</span> <span class='ocrx_word' id='word_1_212' title='bbox 862 2227 896 2261; x_wconf 84' lang='lat' dir='ltr'>in</span> <span class='ocrx_word' id='word_1_213' title='bbox 935 2241 1100 2264; x_wconf 87' lang='lat' dir='ltr'>marmoreo</span> 
     </span>
     <span class='ocr_line' id='line_1_42' title="bbox 386 2275 1099 2316; baseline 0.008 -5"><span class='ocrx_word' id='word_1_214' title='bbox 386 2276 548 2311; x_wconf 81' lang='lat' dir='ltr'>Lavello.</span> <span class='ocrx_word' id='word_1_215' title='bbox 587 2275 763 2312; x_wconf 81' lang='lat' dir='ltr'>Miracula</span> <span class='ocrx_word' id='word_1_216' title='bbox 805 2276 845 2311; x_wconf 91' lang='lat' dir='ltr'>ad</span> <span class='ocrx_word' id='word_1_217' title='bbox 884 2277 1099 2316; x_wconf 88' lang='lat' dir='ltr'>interceffio-</span> 
     </span>
     <span class='ocr_line' id='line_1_43' title="bbox 387 2326 1098 2373; baseline 0.008 -12"><span class='ocrx_word' id='word_1_218' title='bbox 387 2339 467 2362; x_wconf 86' lang='lat' dir='ltr'>nem</span> <span class='ocrx_word' id='word_1_219' title='bbox 490 2326 634 2363; x_wconf 52' lang='lat' dir='ltr'>sanetae</span> <span class='ocrx_word' id='word_1_220' title='bbox 659 2326 759 2362; x_wconf 87' lang='lat' dir='ltr'>Zitae</span> <span class='ocrx_word' id='word_1_221' title='bbox 784 2329 969 2373; x_wconf 85' lang='lat' dir='ltr'>Lucensis,</span> <span class='ocrx_word' id='word_1_222' title='bbox 991 2333 1098 2367; x_wconf 85' lang='lat' dir='ltr'>Anno</span> 
     </span>
     <span class='ocr_line' id='line_1_44' title="bbox 386 2377 1098 2422; baseline 0.007 -8"><span class='ocrx_word' id='word_1_223' title='bbox 386 2380 653 2414; x_wconf 78' lang='lat' dir='ltr'>MCCLxxu.</span> <span class='ocrx_word' id='word_1_224' title='bbox 673 2377 854 2414; x_wconf 63' lang='lat' dir='ltr'>defunss‘cae</span> <span class='ocrx_word' id='word_1_225' title='bbox 867 2407 877 2422; x_wconf 87' lang='lat'>,</span> <span class='ocrx_word' id='word_1_226' title='bbox 899 2380 1063 2418; x_wconf 89' lang='lat' dir='ltr'>habemus</span> <span class='ocrx_word' id='word_1_227' title='bbox 1080 2397 1098 2418; x_wconf 84' lang='lat' dir='ltr'>a</span> 
     </span>
     <span class='ocr_line' id='line_1_45' title="bbox 388 2429 1098 2469; baseline 0.004 -3"><span class='ocrx_word' id='word_1_228' title='bbox 388 2429 612 2467; x_wconf 78' lang='lat' dir='ltr'>Bollandistis</span> <span class='ocrx_word' id='word_1_229' title='bbox 651 2430 744 2465; x_wconf 78' lang='lat' dir='ltr'>edita</span> <span class='ocrx_word' id='word_1_230' title='bbox 781 2430 822 2465; x_wconf 85' lang='lat' dir='ltr'>ad</span> <span class='ocrx_word' id='word_1_231' title='bbox 851 2430 944 2466; x_wconf 86' lang='lat' dir='ltr'>diem</span> <span class='ocrx_word' id='word_1_232' title='bbox 983 2445 1014 2468; x_wconf 88' lang='lat'>2.</span> <span class='ocrx_word' id='word_1_233' title='bbox 1046 2436 1098 2469; x_wconf 93' lang='lat' dir='ltr'>A-</span> 
     </span>
     <span class='ocr_line' id='line_1_46' title="bbox 387 2480 1098 2531; baseline 0.001 -13"><span class='ocrx_word' id='word_1_234' title='bbox 387 2481 510 2528; x_wconf 79' lang='lat' dir='ltr'>prilis,</span> <span class='ocrx_word' id='word_1_235' title='bbox 537 2481 592 2517; x_wconf 90' lang='lat' dir='ltr'>Ibi</span> <span class='ocrx_word' id='word_1_236' title='bbox 618 2494 693 2531; x_wconf 86' lang='lat' dir='ltr'>pag.</span> <span class='ocrx_word' id='word_1_237' title='bbox 723 2492 805 2527; x_wconf 81' lang='lat'>510.</span> <span class='ocrx_word' id='word_1_238' title='bbox 826 2480 976 2518; x_wconf 87' lang='lat' dir='ltr'>Chefina</span> <span class='ocrx_word' id='word_1_239' title='bbox 1004 2485 1098 2530; x_wconf 90' lang='lat' dir='ltr'>puel-</span> 
     </span>
     <span class='ocr_line' id='line_1_47' title="bbox 387 2531 1098 2580; baseline 0.001 -11"><span class='ocrx_word' id='word_1_240' title='bbox 387 2534 422 2570; x_wconf 86' lang='lat' dir='ltr'>la</span> <span class='ocrx_word' id='word_1_241' title='bbox 456 2531 545 2570; x_wconf 81' lang='lat' dir='ltr'>stans</span> <span class='ocrx_word' id='word_1_242' title='bbox 580 2542 654 2570; x_wconf 78' lang='lat' dir='ltr'>ante</span> <span class='ocrx_word' id='word_1_243' title='bbox 689 2535 809 2580; x_wconf 82' lang='lat' dir='ltr'>Corpus</span> <span class='ocrx_word' id='word_1_244' title='bbox 845 2532 890 2573; x_wconf 57' lang='grc' dir='ltr'>(θ’</span> <span class='ocrx_word' id='word_1_245' title='bbox 927 2535 1098 2571; x_wconf 84' lang='lat' dir='ltr'>Lavellum</span> 
     </span>
    </p>
   </div>
   <div class='ocr_carea' id='block_1_2' title="bbox 742 187 1565 248">
    <p class='ocr_par' dir='ltr' id='par_1_2' title="bbox 742 187 1565 248">
     <span class='ocr_line' id='line_1_48' title="bbox 742 187 1565 248; baseline 0.004 -16"><span class='ocrx_word' id='word_1_246' title='bbox 742 187 1117 248; x_wconf 68' lang='lat' dir='ltr'><strong><em>ANTIQUIT.</em></strong></span> <span class='ocrx_word' id='word_1_247' title='bbox 1156 188 1368 234; x_wconf 86' lang='lat' dir='ltr'><em>MEDII</em></span> <span class='ocrx_word' id='word_1_248' title='bbox 1402 189 1565 235; x_wconf 80' lang='lat' dir='ltr'><strong><em>AEVJ</em></strong></span> 
     </span>
    </p>
   </div>
   <div class='ocr_carea' id='block_1_3' title="bbox 1211 212 1979 2618">
    <p class='ocr_par' dir='ltr' id='par_1_3' title="bbox 1211 212 1979 2618">
     <span class='ocr_line' id='line_1_49' title="bbox 1259 212 1970 299; baseline 0.01 -15"><span class='ocrx_word' id='word_1_249' title='bbox 1259 248 1396 285; x_wconf 67' lang='lat' dir='ltr'>sanc‘lae</span> <span class='ocrx_word' id='word_1_250' title='bbox 1433 252 1596 299; x_wconf 82' lang='lat' dir='ltr'>Virginis,</span> <span class='ocrx_word' id='word_1_251' title='bbox 1627 252 1748 289; x_wconf 66' lang='lat' dir='ltr'>effe&amp;a</span> <span class='ocrx_word' id='word_1_252' title='bbox 1785 253 1830 290; x_wconf 86' lang='lat' dir='ltr'>est</span> <span class='ocrx_word' id='word_1_253' title='bbox 1857 212 1970 292; x_wconf 81' lang='lat' dir='ltr'>7sana.</span> 
     </span>
     <span class='ocr_line' id='line_1_50' title="bbox 1258 302 1970 342; baseline 0.007 -5"><span class='ocrx_word' id='word_1_254' title='bbox 1258 302 1312 337; x_wconf 84' lang='lat' dir='ltr'>At</span> <span class='ocrx_word' id='word_1_255' title='bbox 1337 303 1560 339; x_wconf 87' lang='lat' dir='ltr'>Gualvaneus</span> <span class='ocrx_word' id='word_1_256' title='bbox 1584 303 1626 339; x_wconf 85' lang='lat' dir='ltr'>de</span> <span class='ocrx_word' id='word_1_257' title='bbox 1650 305 1684 340; x_wconf 82' lang='lat' dir='ltr'>la</span> <span class='ocrx_word' id='word_1_258' title='bbox 1709 305 1867 341; x_wconf 88' lang='lat' dir='ltr'>Flamma</span> <span class='ocrx_word' id='word_1_259' title='bbox 1887 305 1970 342; x_wconf 88' lang='lat' dir='ltr'>Me-</span> 
     </span>
     <span class='ocr_line' id='line_1_51' title="bbox 1258 351 1968 404; baseline 0.01 -18"><span class='ocrx_word' id='word_1_260' title='bbox 1258 351 1465 388; x_wconf 79' lang='lat' dir='ltr'>diolanenfis</span> <span class='ocrx_word' id='word_1_261' title='bbox 1487 354 1642 400; x_wconf 88' lang='lat' dir='ltr'>Scriptor</span> <span class='ocrx_word' id='word_1_262' title='bbox 1654 383 1663 399; x_wconf 84' lang='lat'>,</span> <span class='ocrx_word' id='word_1_263' title='bbox 1679 356 1741 404; x_wconf 89' lang='lat' dir='ltr'>qui</span> <span class='ocrx_word' id='word_1_264' title='bbox 1759 359 1867 392; x_wconf 89' lang='lat' dir='ltr'>Anno</span> <span class='ocrx_word' id='word_1_265' title='bbox 1882 357 1968 393; x_wconf 73' lang='lat' dir='ltr'>Chr.</span> 
     </span>
     <span class='ocr_line' id='line_1_52' title="bbox 1258 404 1969 450; baseline 0.006 -12"><span class='ocrx_word' id='word_1_266' title='bbox 1258 404 1518 440; x_wconf 79' lang='lat' dir='ltr'>Mcccxxx.</span> <span class='ocrx_word' id='word_1_267' title='bbox 1546 404 1715 450; x_wconf 84' lang='lat' dir='ltr'>florebat,</span> <span class='ocrx_word' id='word_1_268' title='bbox 1745 409 1849 443; x_wconf 86' lang='lat' dir='ltr'>aliter</span> <span class='ocrx_word' id='word_1_269' title='bbox 1880 407 1969 443; x_wconf 88' lang='lat' dir='ltr'>hanc</span> 
     </span>
     <span class='ocr_line' id='line_1_53' title="bbox 1258 456 1971 507; baseline 0.008 -18"><span class='ocrx_word' id='word_1_270' title='bbox 1258 466 1382 490; x_wconf 86' lang='lat' dir='ltr'>vocem</span> <span class='ocrx_word' id='word_1_271' title='bbox 1421 456 1610 502; x_wconf 87' lang='lat' dir='ltr'>exprimit.</span> <span class='ocrx_word' id='word_1_272' title='bbox 1644 460 1734 493; x_wconf 88' lang='lat' dir='ltr'>Nam</span> <span class='ocrx_word' id='word_1_273' title='bbox 1768 461 1856 507; x_wconf 88' lang='lat' dir='ltr'>Cap.</span> <span class='ocrx_word' id='word_1_274' title='bbox 1886 459 1971 495; x_wconf 84' lang='lat'>286.</span> 
     </span>
     <span class='ocr_line' id='line_1_54' title="bbox 1259 504 1974 554; baseline 0.006 -14"><span class='ocrx_word' id='word_1_275' title='bbox 1259 504 1431 541; x_wconf 74' lang='lat' dir='ltr'>chronici</span> <span class='ocrx_word' id='word_1_276' title='bbox 1460 507 1610 552; x_wconf 64' lang='lat' dir='ltr'>Maioris</span> <span class='ocrx_word' id='word_1_277' title='bbox 1639 507 1738 544; x_wconf 86' lang='lat' dir='ltr'>MSti</span> <span class='ocrx_word' id='word_1_278' title='bbox 1766 509 1837 544; x_wconf 89' lang='lat' dir='ltr'>ait:</span> <span class='ocrx_word' id='word_1_279' title='bbox 1870 509 1974 554; x_wconf 82' lang='lat' dir='ltr'><em>cujus</em></span> 
     </span>
     <span class='ocr_line' id='line_1_55' title="bbox 1259 555 1971 604; baseline 0.006 -14"><span class='ocrx_word' id='word_1_280' title='bbox 1259 558 1379 601; x_wconf 84' lang='lat' dir='ltr'>Corpus</span> <span class='ocrx_word' id='word_1_281' title='bbox 1400 555 1489 600; x_wconf 77' lang='lat' dir='ltr'><em>juffit</em></span> <span class='ocrx_word' id='word_1_282' title='bbox 1509 559 1681 600; x_wconf 80' lang='lat' dir='ltr'>Imperator</span> <span class='ocrx_word' id='word_1_283' title='bbox 1698 560 1827 604; x_wconf 76' lang='lat' dir='ltr'>sepeliri</span> <span class='ocrx_word' id='word_1_284' title='bbox 1852 561 1885 593; x_wconf 78' lang='lat' dir='ltr'>in</span> <span class='ocrx_word' id='word_1_285' title='bbox 1906 563 1971 594; x_wconf 84' lang='lat' dir='ltr'>Ec-</span> 
     </span>
     <span class='ocr_line' id='line_1_56' title="bbox 1259 605 1973 648; baseline 0.007 -8"><span class='ocrx_word' id='word_1_286' title='bbox 1259 605 1352 646; x_wconf 82' lang='lat' dir='ltr'>clefia</span> <span class='ocrx_word' id='word_1_287' title='bbox 1386 606 1498 640; x_wconf 64' lang='lat' dir='ltr'>Sanfii</span> <span class='ocrx_word' id='word_1_288' title='bbox 1532 606 1699 648; x_wconf 72' lang='lat' dir='ltr'>Ambrosii</span> <span class='ocrx_word' id='word_1_289' title='bbox 1740 609 1773 642; x_wconf 84' lang='lat' dir='ltr'>in</span> <span class='ocrx_word' id='word_1_290' title='bbox 1808 610 1869 643; x_wconf 86' lang='lat' dir='ltr'>loco</span> <span class='ocrx_word' id='word_1_291' title='bbox 1905 611 1973 645; x_wconf 76' lang='lat' dir='ltr'>&amp;c.</span> 
     </span>
     <span class='ocr_line' id='line_1_57' title="bbox 1261 656 1977 706; baseline 0.008 -17"><span class='ocrx_word' id='word_1_292' title='bbox 1261 657 1309 690; x_wconf 77' lang='lat' dir='ltr'>Et</span> <span class='ocrx_word' id='word_1_293' title='bbox 1337 657 1370 689; x_wconf 85' lang='lat' dir='ltr'>in</span> <span class='ocrx_word' id='word_1_294' title='bbox 1398 656 1455 689; x_wconf 79' lang='lat' dir='ltr'>itlo</span> <span class='ocrx_word' id='word_1_295' title='bbox 1490 658 1630 691; x_wconf 83' lang='lat' dir='ltr'>Navello</span> <span class='ocrx_word' id='word_1_296' title='bbox 1652 657 1729 702; x_wconf 76' lang='lat' dir='ltr'>fecit</span> <span class='ocrx_word' id='word_1_297' title='bbox 1759 659 1862 706; x_wconf 81' lang='lat' dir='ltr'>sculpi</span> <span class='ocrx_word' id='word_1_298' title='bbox 1896 660 1977 695; x_wconf 82' lang='lat' dir='ltr'>ima-</span> 
     </span>
     <span class='ocr_line' id='line_1_58' title="bbox 1257 706 1976 753; baseline 0.01 -14"><span class='ocrx_word' id='word_1_299' title='bbox 1257 707 1365 753; x_wconf 78' lang='lat' dir='ltr'>ginem</span> <span class='ocrx_word' id='word_1_300' title='bbox 1407 706 1496 747; x_wconf 78' lang='lat' dir='ltr'>istius</span> <span class='ocrx_word' id='word_1_301' title='bbox 1536 709 1693 745; x_wconf 78' lang='lat' dir='ltr'>Comitis.</span> <span class='ocrx_word' id='word_1_302' title='bbox 1742 710 1794 744; x_wconf 85' lang='lat' dir='ltr'>Ita</span> <span class='ocrx_word' id='word_1_303' title='bbox 1837 709 1976 746; x_wconf 64' lang='lat' dir='ltr'>Aufior</span> 
     </span>
     <span class='ocr_line' id='line_1_59' title="bbox 1261 755 1977 802; baseline 0.007 -11"><span class='ocrx_word' id='word_1_304' title='bbox 1261 755 1437 793; x_wconf 85' lang='lat' dir='ltr'>Chronici</span> <span class='ocrx_word' id='word_1_305' title='bbox 1475 758 1600 802; x_wconf 85' lang='lat' dir='ltr'>MSti,</span> <span class='ocrx_word' id='word_1_306' title='bbox 1639 759 1696 795; x_wconf 90' lang='lat' dir='ltr'>cui</span> <span class='ocrx_word' id='word_1_307' title='bbox 1735 759 1862 796; x_wconf 84' lang='lat' dir='ltr'>titulus</span> <span class='ocrx_word' id='word_1_308' title='bbox 1899 762 1977 796; x_wconf 85' lang='lat' dir='ltr'>Flos</span> 
     </span>
     <span class='ocr_line' id='line_1_60' title="bbox 1261 808 1977 856; baseline 0.004 -13"><span class='ocrx_word' id='word_1_309' title='bbox 1261 808 1418 843; x_wconf 78' lang='lat' dir='ltr'>florum:</span> <span class='ocrx_word' id='word_1_310' title='bbox 1445 811 1492 843; x_wconf 80' lang='lat' dir='ltr'>Et</span> <span class='ocrx_word' id='word_1_311' title='bbox 1514 809 1581 852; x_wconf 77' lang='lat' dir='ltr'>fuit</span> <span class='ocrx_word' id='word_1_312' title='bbox 1602 810 1745 856; x_wconf 79' lang='lat' dir='ltr'>sepultus</span> <span class='ocrx_word' id='word_1_313' title='bbox 1775 811 1806 844; x_wconf 81' lang='lat' dir='ltr'>in</span> <span class='ocrx_word' id='word_1_314' title='bbox 1835 813 1977 846; x_wconf 68' lang='lat' dir='ltr'>Navelto</span> 
     </span>
     <span class='ocr_line' id='line_1_61' title="bbox 1262 859 1977 906; baseline 0.006 -13"><span class='ocrx_word' id='word_1_315' title='bbox 1262 859 1420 893; x_wconf 79' lang='lat' dir='ltr'>Comitum</span> <span class='ocrx_word' id='word_1_316' title='bbox 1447 860 1645 906; x_wconf 74' lang='lat' dir='ltr'>Angleriae.</span> <span class='ocrx_word' id='word_1_317' title='bbox 1679 861 1750 897; x_wconf 86' lang='lat' dir='ltr'>Ubi</span> <span class='ocrx_word' id='word_1_318' title='bbox 1778 861 1877 897; x_wconf 78' lang='lat' dir='ltr'>vides</span> <span class='ocrx_word' id='word_1_319' title='bbox 1904 865 1977 897; x_wconf 87' lang='lat' dir='ltr'>Na-</span> 
     </span>
     <span class='ocr_line' id='line_1_62' title="bbox 1261 908 1978 957; baseline 0.007 -15"><span class='ocrx_word' id='word_1_320' title='bbox 1261 910 1382 944; x_wconf 80' lang='lat' dir='ltr'>vellum</span> <span class='ocrx_word' id='word_1_321' title='bbox 1419 908 1513 948; x_wconf 90' lang='lat' dir='ltr'>dici,</span> <span class='ocrx_word' id='word_1_322' title='bbox 1542 910 1634 957; x_wconf 90' lang='lat' dir='ltr'>quod</span> <span class='ocrx_word' id='word_1_323' title='bbox 1675 911 1756 947; x_wconf 86' lang='lat' dir='ltr'>aliis</span> <span class='ocrx_word' id='word_1_324' title='bbox 1784 911 1827 946; x_wconf 79' lang='lat' dir='ltr'>est</span> <span class='ocrx_word' id='word_1_325' title='bbox 1855 914 1978 947; x_wconf 82' lang='lat' dir='ltr'>Lavel-</span> 
     </span>
     <span class='ocr_line' id='line_1_63' title="bbox 1262 959 1979 1009; baseline 0.007 -15"><span class='ocrx_word' id='word_1_326' title='bbox 1262 960 1350 1001; x_wconf 86' lang='lat' dir='ltr'>lum,</span> <span class='ocrx_word' id='word_1_327' title='bbox 1378 959 1471 1007; x_wconf 86' lang='lat' dir='ltr'>quasi</span> <span class='ocrx_word' id='word_1_328' title='bbox 1503 962 1665 1009; x_wconf 86' lang='lat' dir='ltr'>Sepulcra</span> <span class='ocrx_word' id='word_1_329' title='bbox 1702 962 1742 997; x_wconf 91' lang='lat' dir='ltr'>ad</span> <span class='ocrx_word' id='word_1_330' title='bbox 1765 962 1876 1005; x_wconf 47' lang='lat' dir='ltr'>‚instar</span> <span class='ocrx_word' id='word_1_331' title='bbox 1905 965 1979 999; x_wconf 88' lang='lat' dir='ltr'>Na-</span> 
     </span>
     <span class='ocr_line' id='line_1_64' title="bbox 1262 1010 1979 1062; baseline 0.006 -17"><span class='ocrx_word' id='word_1_332' title='bbox 1262 1010 1402 1046; x_wconf 78' lang='lat' dir='ltr'>viculae</span> <span class='ocrx_word' id='word_1_333' title='bbox 1430 1010 1564 1049; x_wconf 85' lang='lat' dir='ltr'>forent.</span> <span class='ocrx_word' id='word_1_334' title='bbox 1593 1014 1646 1047; x_wconf 88' lang='lat' dir='ltr'>At</span> <span class='ocrx_word' id='word_1_335' title='bbox 1679 1026 1883 1062; x_wconf 87' lang='lat' dir='ltr'>germanum</span> <span class='ocrx_word' id='word_1_336' title='bbox 1913 1027 1979 1049; x_wconf 89' lang='lat' dir='ltr'>no-</span> 
     </span>
     <span class='ocr_line' id='line_1_65' title="bbox 1262 1061 1979 1105; baseline 0.006 -9"><span class='ocrx_word' id='word_1_337' title='bbox 1262 1074 1342 1096; x_wconf 90' lang='lat' dir='ltr'>men</span> <span class='ocrx_word' id='word_1_338' title='bbox 1387 1061 1477 1097; x_wconf 88' lang='lat' dir='ltr'>mihi</span> <span class='ocrx_word' id='word_1_339' title='bbox 1526 1062 1681 1099; x_wconf 88' lang='lat' dir='ltr'>creditur</span> <span class='ocrx_word' id='word_1_340' title='bbox 1722 1066 1921 1105; x_wconf 79' lang='lat' dir='ltr'>Lavellum,</span> <span class='ocrx_word' id='word_1_341' title='bbox 1961 1078 1979 1101; x_wconf 83' lang='lat' dir='ltr'>a</span> 
     </span>
     <span class='ocr_line' id='line_1_66' title="bbox 1261 1112 1979 1163; baseline 0.008 -18"><span class='ocrx_word' id='word_1_342' title='bbox 1261 1124 1331 1158; x_wconf 86' lang='lat' dir='ltr'>quo</span> <span class='ocrx_word' id='word_1_343' title='bbox 1367 1112 1524 1148; x_wconf 71' lang='lat' dir='ltr'>detraCto</span> <span class='ocrx_word' id='word_1_344' title='bbox 1563 1115 1607 1149; x_wconf 91' lang='lat' dir='ltr'>L.</span> <span class='ocrx_word' id='word_1_345' title='bbox 1635 1114 1793 1155; x_wconf 80' lang='lat' dir='ltr'>initiali,</span> <span class='ocrx_word' id='word_1_346' title='bbox 1821 1115 1979 1163; x_wconf 83' lang='lat' dir='ltr'>exsurgit</span> 
     </span>
     <span class='ocr_line' id='line_1_67' title="bbox 1260 1162 1975 1212; baseline 0.006 -15"><span class='ocrx_word' id='word_1_347' title='bbox 1260 1162 1403 1197; x_wconf 68' lang='lat' dir='ltr'>Avello.</span> <span class='ocrx_word' id='word_1_348' title='bbox 1443 1164 1495 1198; x_wconf 93' lang='lat' dir='ltr'>Ita</span> <span class='ocrx_word' id='word_1_349' title='bbox 1524 1163 1560 1198; x_wconf 87' lang='lat' dir='ltr'>in</span> <span class='ocrx_word' id='word_1_350' title='bbox 1589 1162 1774 1200; x_wconf 87' lang='lat' dir='ltr'>Chronico</span> <span class='ocrx_word' id='word_1_351' title='bbox 1812 1166 1975 1212; x_wconf 84' lang='lat' dir='ltr'>Bergom.</span> 
     </span>
     <span class='ocr_line' id='line_1_68' title="bbox 1261 1215 1975 1262; baseline 0.004 -14"><span class='ocrx_word' id='word_1_352' title='bbox 1261 1225 1337 1262; x_wconf 87' lang='lat' dir='ltr'>pag.</span> <span class='ocrx_word' id='word_1_353' title='bbox 1365 1224 1450 1260; x_wconf 80' lang='lat'>925.</span> <span class='ocrx_word' id='word_1_354' title='bbox 1478 1215 1598 1249; x_wconf 89' lang='lat' dir='ltr'>Tomo</span> <span class='ocrx_word' id='word_1_355' title='bbox 1636 1216 1733 1249; x_wconf 87' lang='lat' dir='ltr'>XVI.</span> <span class='ocrx_word' id='word_1_356' title='bbox 1764 1217 1844 1251; x_wconf 85' lang='lat' dir='ltr'>Rer.</span> <span class='ocrx_word' id='word_1_357' title='bbox 1874 1215 1975 1251; x_wconf 86' lang='lat' dir='ltr'>Itali-</span> 
     </span>
     <span class='ocr_line' id='line_1_69' title="bbox 1262 1264 1976 1306; baseline 0.006 -8"><span class='ocrx_word' id='word_1_358' title='bbox 1262 1276 1329 1299; x_wconf 88' lang='lat' dir='ltr'>car.</span> <span class='ocrx_word' id='word_1_359' title='bbox 1358 1264 1527 1299; x_wconf 70' lang='lat' dir='ltr'>castellus</span> <span class='ocrx_word' id='word_1_360' title='bbox 1557 1265 1598 1300; x_wconf 91' lang='lat' dir='ltr'>de</span> <span class='ocrx_word' id='word_1_361' title='bbox 1636 1264 1791 1302; x_wconf 68' lang='lat' dir='ltr'>Castello</span> <span class='ocrx_word' id='word_1_362' title='bbox 1829 1266 1976 1306; x_wconf 83' lang='lat' dir='ltr'>scribit,</span> 
     </span>
     <span class='ocr_line' id='line_1_70' title="bbox 1260 1313 1974 1359; baseline 0.004 -11"><span class='ocrx_word' id='word_1_363' title='bbox 1260 1324 1401 1359; x_wconf 76' lang='lat' dir='ltr'>apertum</span> <span class='ocrx_word' id='word_1_364' title='bbox 1438 1313 1529 1358; x_wconf 78' lang='lat' dir='ltr'>fut‘ffe</span> <span class='ocrx_word' id='word_1_365' title='bbox 1564 1329 1660 1349; x_wconf 84' lang='lat' dir='ltr'>unum</span> <span class='ocrx_word' id='word_1_366' title='bbox 1699 1317 1871 1350; x_wconf 80' lang='lat' dir='ltr'>Lavellum</span> <span class='ocrx_word' id='word_1_367' title='bbox 1907 1318 1974 1351; x_wconf 81' lang='lat' dir='ltr'>exi-</span> 
     </span>
     <span class='ocr_line' id='line_1_71' title="bbox 1254 1363 1974 1411; baseline 0.008 -15"><span class='ocrx_word' id='word_1_368' title='bbox 1254 1364 1340 1405; x_wconf 82' lang='lat' dir='ltr'>flens</span> <span class='ocrx_word' id='word_1_369' title='bbox 1369 1363 1401 1396; x_wconf 80' lang='lat' dir='ltr'>in</span> <span class='ocrx_word' id='word_1_370' title='bbox 1431 1364 1569 1403; x_wconf 65' lang='lat' dir='ltr'>Ecclesia</span> <span class='ocrx_word' id='word_1_371' title='bbox 1595 1364 1710 1399; x_wconf 53' lang='lat' dir='ltr'>sandi</span> <span class='ocrx_word' id='word_1_372' title='bbox 1737 1368 1888 1401; x_wconf 73' lang='lat' dir='ltr'>,Andreae</span> <span class='ocrx_word' id='word_1_373' title='bbox 1913 1366 1974 1411; x_wconf 79' lang='lat' dir='ltr'>sub</span> 
     </span>
     <span class='ocr_line' id='line_1_72' title="bbox 1261 1414 1977 1459; baseline 0.004 -11"><span class='ocrx_word' id='word_1_374' title='bbox 1261 1414 1382 1448; x_wconf 76' lang='lat' dir='ltr'>Altare</span> <span class='ocrx_word' id='word_1_375' title='bbox 1418 1428 1530 1459; x_wconf 77' lang='lat' dir='ltr'>magno</span> <span class='ocrx_word' id='word_1_376' title='bbox 1569 1415 1678 1450; x_wconf 68' lang='lat' dir='ltr'>diHae</span> <span class='ocrx_word' id='word_1_377' title='bbox 1718 1415 1873 1457; x_wconf 80' lang='lat' dir='ltr'>Ecclefiae</span> <span class='ocrx_word' id='word_1_378' title='bbox 1887 1430 1907 1459; x_wconf 81' lang='lat'>,·</span> <span class='ocrx_word' id='word_1_379' title='bbox 1942 1417 1977 1451; x_wconf 69' lang='lat' dir='ltr'>in</span> 
     </span>
     <span class='ocr_line' id='line_1_73' title="bbox 1260 1465 1977 1512; baseline 0.007 -15"><span class='ocrx_word' id='word_1_380' title='bbox 1260 1477 1319 1511; x_wconf 84' lang='lat' dir='ltr'>quo</span> <span class='ocrx_word' id='word_1_381' title='bbox 1347 1465 1483 1500; x_wconf 79' lang='lat' dir='ltr'>Lavello</span> <span class='ocrx_word' id='word_1_382' title='bbox 1510 1476 1630 1512; x_wconf 79' lang='lat' dir='ltr'>reperta</span> <span class='ocrx_word' id='word_1_383' title='bbox 1651 1466 1782 1510; x_wconf 78' lang='lat' dir='ltr'>fuerunt</span> <span class='ocrx_word' id='word_1_384' title='bbox 1809 1467 1873 1502; x_wconf 82' lang='lat' dir='ltr'>tria</span> <span class='ocrx_word' id='word_1_385' title='bbox 1900 1470 1977 1502; x_wconf 79' lang='lat' dir='ltr'>Cor-</span> 
     </span>
     <span class='ocr_line' id='line_1_74' title="bbox 1257 1516 1975 1565; baseline 0.003 -16"><span class='ocrx_word' id='word_1_386' title='bbox 1257 1526 1334 1562; x_wconf 82' lang='lat' dir='ltr'>pora</span> <span class='ocrx_word' id='word_1_387' title='bbox 1359 1519 1542 1561; x_wconf 78' lang='lat' dir='ltr'>Martyrum</span> <span class='ocrx_word' id='word_1_388' title='bbox 1568 1516 1639 1556; x_wconf 80' lang='lat' dir='ltr'>&amp;c.</span> <span class='ocrx_word' id='word_1_389' title='bbox 1667 1518 1878 1565; x_wconf 84' lang='lat' dir='ltr'>Exemplum</span> <span class='ocrx_word' id='word_1_390' title='bbox 1904 1518 1975 1554; x_wconf 71' lang='lat' dir='ltr'>Al-</span> 
     </span>
     <span class='ocr_line' id='line_1_75' title="bbox 1261 1566 1975 1618; baseline 0.004 -17"><span class='ocrx_word' id='word_1_391' title='bbox 1261 1567 1338 1601; x_wconf 68' lang='lat' dir='ltr'>hetti</span> <span class='ocrx_word' id='word_1_392' title='bbox 1363 1566 1466 1603; x_wconf 88' lang='lat' dir='ltr'>habes</span> <span class='ocrx_word' id='word_1_393' title='bbox 1488 1566 1524 1602; x_wconf 89' lang='lat' dir='ltr'>in</span> <span class='ocrx_word' id='word_1_394' title='bbox 1546 1567 1721 1604; x_wconf 80' lang='lat' dir='ltr'>Gloffario</span> <span class='ocrx_word' id='word_1_395' title='bbox 1745 1568 1949 1618; x_wconf 79' lang='lat' dir='ltr'>Du-Cangii</span> <span class='ocrx_word' id='word_1_396' title='bbox 1965 1594 1975 1604; x_wconf 88' lang='lat'>.</span> 
     </span>
     <span class='ocr_line' id='line_1_76' title="bbox 1263 1617 1827 1667; baseline 0.007 -15"><span class='ocrx_word' id='word_1_397' title='bbox 1263 1617 1414 1653; x_wconf 85' lang='lat' dir='ltr'>Videtur</span> <span class='ocrx_word' id='word_1_398' title='bbox 1441 1618 1473 1654; x_wconf 89' lang='lat'>&amp;</span> <span class='ocrx_word' id='word_1_399' title='bbox 1503 1617 1556 1654; x_wconf 90' lang='lat' dir='ltr'>ibi</span> <span class='ocrx_word' id='word_1_400' title='bbox 1586 1632 1648 1667; x_wconf 92' lang='lat' dir='ltr'>pro</span> <span class='ocrx_word' id='word_1_401' title='bbox 1678 1621 1827 1656; x_wconf 81' lang='lat' dir='ltr'>Labello.</span> 
     </span>
     <span class='ocr_line' id='line_1_77' title="bbox 1211 1669 1977 1718; baseline 0.003 -16"><span class='ocrx_word' id='word_1_402' title='bbox 1211 1669 1472 1715; x_wconf 67' lang='lat' dir='ltr'>Avvantagqio.</span> <span class='ocrx_word' id='word_1_403' title='bbox 1513 1671 1713 1718; x_wconf 65' lang='lat' dir='ltr'>Vantaggim</span> <span class='ocrx_word' id='word_1_404' title='bbox 1751 1671 1871 1705; x_wconf 76' lang='lat' dir='ltr'>Melior</span> <span class='ocrx_word' id='word_1_405' title='bbox 1906 1683 1977 1705; x_wconf 84' lang='lat' dir='ltr'>con-</span> 
     </span>
     <span class='ocr_line' id='line_1_78' title="bbox 1261 1719 1976 1768; baseline 0.003 -14"><span class='ocrx_word' id='word_1_406' title='bbox 1261 1720 1363 1754; x_wconf 76' lang='lat' dir='ltr'>ditio.</span> <span class='ocrx_word' id='word_1_407' title='bbox 1391 1719 1551 1756; x_wconf 85' lang='lat' dir='ltr'>Gallicae</span> <span class='ocrx_word' id='word_1_408' title='bbox 1579 1721 1741 1768; x_wconf 82' lang='lat' dir='ltr'>Linguae</span> <span class='ocrx_word' id='word_1_409' title='bbox 1769 1734 1891 1755; x_wconf 88' lang='lat' dir='ltr'>vocem</span> <span class='ocrx_word' id='word_1_410' title='bbox 1921 1724 1976 1756; x_wconf 66' lang='grc' dir='ltr'>Α·</span> 
     </span>
     <span class='ocr_line' id='line_1_79' title="bbox 1261 1770 1976 1818; baseline 0.004 -15"><span class='ocrx_word' id='word_1_411' title='bbox 1261 1781 1401 1816; x_wconf 80' lang='lat' dir='ltr'>vantage</span> <span class='ocrx_word' id='word_1_412' title='bbox 1439 1780 1525 1817; x_wconf 85' lang='lat' dir='ltr'>puto</span> <span class='ocrx_word' id='word_1_413' title='bbox 1566 1771 1606 1806; x_wconf 91' lang='lat' dir='ltr'>ad</span> <span class='ocrx_word' id='word_1_414' title='bbox 1651 1784 1712 1806; x_wconf 89' lang='lat' dir='ltr'>nos</span> <span class='ocrx_word' id='word_1_415' title='bbox 1755 1770 1976 1818; x_wconf 63' lang='lat' dir='ltr'>profeffim.</span> 
     </span>
     <span class='ocr_line' id='line_1_80' title="bbox 1263 1820 1977 1857; baseline 0 -1"><span class='ocrx_word' id='word_1_416' title='bbox 1263 1822 1349 1856; x_wconf 87' lang='lat' dir='ltr'>Sunt</span> <span class='ocrx_word' id='word_1_417' title='bbox 1378 1820 1492 1856; x_wconf 85' lang='lat' dir='ltr'>Gallis</span> <span class='ocrx_word' id='word_1_418' title='bbox 1520 1822 1652 1857; x_wconf 84' lang='lat' dir='ltr'>multae</span> <span class='ocrx_word' id='word_1_419' title='bbox 1693 1835 1794 1857; x_wconf 87' lang='lat' dir='ltr'>voces</span> <span class='ocrx_word' id='word_1_420' title='bbox 1822 1821 1977 1856; x_wconf 78' lang='lat' dir='ltr'>defluen-</span> 
     </span>
     <span class='ocr_line' id='line_1_81' title="bbox 1263 1870 1974 1921; baseline 0.003 -15"><span class='ocrx_word' id='word_1_421' title='bbox 1263 1879 1314 1906; x_wconf 88' lang='lat' dir='ltr'>tes</span> <span class='ocrx_word' id='word_1_422' title='bbox 1352 1870 1388 1906; x_wconf 86' lang='lat' dir='ltr'>in</span> <span class='ocrx_word' id='word_1_423' title='bbox 1426 1885 1509 1916; x_wconf 67' lang='lat' dir='ltr'>age,</span> <span class='ocrx_word' id='word_1_424' title='bbox 1547 1885 1585 1906; x_wconf 90' lang='lat' dir='ltr'>ac</span> <span class='ocrx_word' id='word_1_425' title='bbox 1630 1882 1810 1921; x_wconf 86' lang='lat' dir='ltr'>propterea</span> <span class='ocrx_word' id='word_1_426' title='bbox 1855 1872 1974 1920; x_wconf 81' lang='lat' dir='ltr'>potius</span> 
     </span>
     <span class='ocr_line' id='line_1_82' title="bbox 1262 1922 1974 1970; baseline 0 -12"><span class='ocrx_word' id='word_1_427' title='bbox 1262 1935 1326 1958; x_wconf 89' lang='lat' dir='ltr'>nos</span> <span class='ocrx_word' id='word_1_428' title='bbox 1354 1923 1394 1956; x_wconf 88' lang='lat' dir='ltr'>ab</span> <span class='ocrx_word' id='word_1_429' title='bbox 1424 1922 1490 1965; x_wconf 88' lang='lat' dir='ltr'>iis,</span> <span class='ocrx_word' id='word_1_430' title='bbox 1519 1923 1622 1970; x_wconf 72' lang='lat' dir='ltr'>quam</span> <span class='ocrx_word' id='word_1_431' title='bbox 1652 1922 1677 1958; x_wconf 88' lang='lat' dir='ltr'>ii</span> <span class='ocrx_word' id='word_1_432' title='bbox 1709 1936 1726 1958; x_wconf 89' lang='lat' dir='ltr'>a</span> <span class='ocrx_word' id='word_1_433' title='bbox 1755 1923 1878 1966; x_wconf 86' lang='lat' dir='ltr'>nobis,</span> <span class='ocrx_word' id='word_1_434' title='bbox 1916 1936 1974 1958; x_wconf 90' lang='lat' dir='ltr'>ac-</span> 
     </span>
     <span class='ocr_line' id='line_1_83' title="bbox 1263 1972 1976 2020; baseline 0.001 -12"><span class='ocrx_word' id='word_1_435' title='bbox 1263 1972 1386 2020; x_wconf 82' lang='lat' dir='ltr'>cepisse</span> <span class='ocrx_word' id='word_1_436' title='bbox 1414 1972 1502 2008; x_wconf 84' lang='lat' dir='ltr'>hanc</span> <span class='ocrx_word' id='word_1_437' title='bbox 1533 1986 1653 2009; x_wconf 85' lang='lat' dir='ltr'>vocem</span> <span class='ocrx_word' id='word_1_438' title='bbox 1684 1973 1863 2009; x_wconf 84' lang='lat' dir='ltr'>videmur.</span> <span class='ocrx_word' id='word_1_439' title='bbox 1906 1973 1976 2009; x_wconf 88' lang='lat' dir='ltr'>Hi—</span> 
     </span>
     <span class='ocr_line' id='line_1_84' title="bbox 1262 2023 1974 2072; baseline 0.001 -14"><span class='ocrx_word' id='word_1_440' title='bbox 1262 2023 1359 2072; x_wconf 84' lang='lat' dir='ltr'>spani</span> <span class='ocrx_word' id='word_1_441' title='bbox 1388 2037 1527 2072; x_wconf 88' lang='lat' dir='ltr'>quoque</span> <span class='ocrx_word' id='word_1_442' title='bbox 1555 2025 1653 2071; x_wconf 85' lang='lat' dir='ltr'>ajunt</span> <span class='ocrx_word' id='word_1_443' title='bbox 1683 2024 1844 2068; x_wconf 73' lang='lat' dir='ltr'>Vemaja.</span> <span class='ocrx_word' id='word_1_444' title='bbox 1873 2024 1974 2060; x_wconf 90' lang='lat' dir='ltr'>Olim</span> 
     </span>
     <span class='ocr_line' id='line_1_85' title="bbox 1262 2075 1973 2111; baseline 0 -1"><span class='ocrx_word' id='word_1_445' title='bbox 1262 2075 1456 2111; x_wconf 84' lang='lat' dir='ltr'>arbitrabar</span> <span class='ocrx_word' id='word_1_446' title='bbox 1508 2075 1706 2111; x_wconf 87' lang='lat' dir='ltr'>derivatum</span> <span class='ocrx_word' id='word_1_447' title='bbox 1762 2075 1973 2111; x_wconf 84' lang='lat' dir='ltr'>vocabulum</span> 
     </span>
     <span class='ocr_line' id='line_1_86' title="bbox 1263 2125 1972 2173; baseline -0.003 -11"><span class='ocrx_word' id='word_1_448' title='bbox 1263 2129 1443 2173; x_wconf 72' lang='lat' dir='ltr'>Avantage</span> <span class='ocrx_word' id='word_1_449' title='bbox 1479 2127 1521 2162; x_wconf 92' lang='lat' dir='ltr'>ab</span> <span class='ocrx_word' id='word_1_450' title='bbox 1548 2130 1669 2162; x_wconf 76' lang='lat' dir='ltr'>Avant</span> <span class='ocrx_word' id='word_1_451' title='bbox 1706 2127 1738 2162; x_wconf 92' lang='lat'>&amp;</span> <span class='ocrx_word' id='word_1_452' title='bbox 1767 2130 1867 2173; x_wconf 74' lang='lat' dir='ltr'>Age,</span> <span class='ocrx_word' id='word_1_453' title='bbox 1906 2125 1972 2161; x_wconf 82' lang='lat' dir='ltr'>five</span> 
     </span>
     <span class='ocr_line' id='line_1_87' title="bbox 1262 2177 1973 2226; baseline -0.001 -14"><span class='ocrx_word' id='word_1_454' title='bbox 1262 2179 1380 2219; x_wconf 64' lang='lat' dir='ltr'>Aage.</span> <span class='ocrx_word' id='word_1_455' title='bbox 1409 2187 1448 2212; x_wconf 87' lang='lat' dir='ltr'>ut</span> <span class='ocrx_word' id='word_1_456' title='bbox 1476 2177 1708 2226; x_wconf 81' lang='lat' dir='ltr'>designaretur</span> <span class='ocrx_word' id='word_1_457' title='bbox 1736 2177 1854 2223; x_wconf 84' lang='lat' dir='ltr'>potior</span> <span class='ocrx_word' id='word_1_458' title='bbox 1890 2188 1973 2212; x_wconf 90' lang='lat' dir='ltr'>con-</span> 
     </span>
     <span class='ocr_line' id='line_1_88' title="bbox 1263 2226 1973 2277; baseline -0.006 -14"><span class='ocrx_word' id='word_1_459' title='bbox 1263 2227 1355 2263; x_wconf 89' lang='lat' dir='ltr'>ditio</span> <span class='ocrx_word' id='word_1_460' title='bbox 1383 2227 1420 2264; x_wconf 87' lang='lat'>&amp;</span> <span class='ocrx_word' id='word_1_461' title='bbox 1444 2229 1685 2277; x_wconf 79' lang='lat' dir='ltr'>praerogativa</span> <span class='ocrx_word' id='word_1_462' title='bbox 1712 2226 1973 2275; x_wconf 73' lang='lat' dir='ltr'>primogenito-</span> 
     </span>
     <span class='ocr_line' id='line_1_89' title="bbox 1262 2278 1974 2328; baseline -0.004 -13"><span class='ocrx_word' id='word_1_463' title='bbox 1262 2292 1338 2315; x_wconf 88' lang='lat' dir='ltr'>rum</span> <span class='ocrx_word' id='word_1_464' title='bbox 1371 2293 1450 2328; x_wconf 82' lang='lat' dir='ltr'>prae</span> <span class='ocrx_word' id='word_1_465' title='bbox 1479 2279 1723 2327; x_wconf 85' lang='lat' dir='ltr'>posterioribus</span> <span class='ocrx_word' id='word_1_466' title='bbox 1761 2289 1864 2314; x_wconf 78' lang='lat' dir='ltr'>natu.</span> <span class='ocrx_word' id='word_1_467' title='bbox 1903 2278 1974 2311; x_wconf 90' lang='lat' dir='ltr'>Ve-</span> 
     </span>
     <span class='ocr_line' id='line_1_90' title="bbox 1263 2326 1971 2367; baseline -0.004 -2"><span class='ocrx_word' id='word_1_468' title='bbox 1263 2331 1339 2366; x_wconf 69' lang='lat' dir='ltr'>rum</span> <span class='ocrx_word' id='word_1_469' title='bbox 1384 2331 1426 2366; x_wconf 83' lang='lat' dir='ltr'>ab</span> <span class='ocrx_word' id='word_1_470' title='bbox 1468 2345 1537 2366; x_wconf 90' lang='lat' dir='ltr'>uno</span> <span class='ocrx_word' id='word_1_471' title='bbox 1578 2335 1699 2367; x_wconf 73' lang='lat' dir='ltr'>Avant</span> <span class='ocrx_word' id='word_1_472' title='bbox 1748 2326 1971 2364; x_wconf 74' lang='lat' dir='ltr'>verisimilius</span> 
     </span>
     <span class='ocr_line' id='line_1_91' title="bbox 1264 2376 1973 2418; baseline 0.004 -2"><span class='ocrx_word' id='word_1_473' title='bbox 1264 2381 1484 2418; x_wconf 80' lang='lat' dir='ltr'>efformatum</span> <span class='ocrx_word' id='word_1_474' title='bbox 1514 2382 1582 2418; x_wconf 82' lang='lat' dir='ltr'>fuit</span> <span class='ocrx_word' id='word_1_475' title='bbox 1610 2381 1817 2417; x_wconf 86' lang='lat' dir='ltr'>vocabulum</span> <span class='ocrx_word' id='word_1_476' title='bbox 1860 2376 1973 2414; x_wconf 72' lang='lat' dir='ltr'>istud·</span> 
     </span>
     <span class='ocr_line' id='line_1_92' title="bbox 1263 2429 1972 2480; baseline -0.007 -13"><span class='ocrx_word' id='word_1_477' title='bbox 1263 2432 1431 2480; x_wconf 83' lang='lat' dir='ltr'>Hispanis</span> <span class='ocrx_word' id='word_1_478' title='bbox 1447 2432 1660 2475; x_wconf 68' lang='lat' dir='ltr'>Aventaiado</span> <span class='ocrx_word' id='word_1_479' title='bbox 1671 2458 1680 2474; x_wconf 84' lang='lat'>‚</span> <span class='ocrx_word' id='word_1_480' title='bbox 1697 2429 1742 2464; x_wconf 85' lang='lat' dir='ltr'>est</span> <span class='ocrx_word' id='word_1_481' title='bbox 1757 2429 1950 2464; x_wconf 73' lang='lat' dir='ltr'>praecellens</span> <span class='ocrx_word' id='word_1_482' title='bbox 1961 2452 1972 2468; x_wconf 87' lang='lat'><em>‚</em></span> 
     </span>
     <span class='ocr_line' id='line_1_93' title="bbox 1262 2479 1973 2527; baseline -0.003 -13"><span class='ocrx_word' id='word_1_483' title='bbox 1262 2485 1505 2527; x_wconf 67' lang='lat' dir='ltr'>Aventajarse,</span> <span class='ocrx_word' id='word_1_484' title='bbox 1545 2482 1673 2517; x_wconf 84' lang='lat' dir='ltr'>Praeire</span> <span class='ocrx_word' id='word_1_485' title='bbox 1698 2481 1794 2515; x_wconf 84' lang='lat' dir='ltr'>aliis.</span> <span class='ocrx_word' id='word_1_486' title='bbox 1833 2479 1886 2515; x_wconf 83' lang='lat' dir='ltr'>Ita</span> <span class='ocrx_word' id='word_1_487' title='bbox 1914 2479 1973 2512; x_wconf 90' lang='lat' dir='ltr'>Ol-</span> 
     </span>
     <span class='ocr_line' id='line_1_94' title="bbox 1265 2529 1971 2615; baseline -0.006 -47"><span class='ocrx_word' id='word_1_488' title='bbox 1265 2535 1391 2581; x_wconf 74' lang='lat' dir='ltr'>traggio</span> <span class='ocrx_word' id='word_1_489' title='bbox 1418 2535 1459 2570; x_wconf 83' lang='lat' dir='ltr'>ab</span> <span class='ocrx_word' id='word_1_490' title='bbox 1488 2534 1579 2569; x_wconf 76' lang='lat' dir='ltr'>Ultra</span> <span class='ocrx_word' id='word_1_491' title='bbox 1597 2530 1758 2568; x_wconf 83' lang='lat' dir='ltr'>manavit</span> <span class='ocrx_word' id='word_1_492' title='bbox 1767 2544 1781 2582; x_wconf 73' lang='lat'><em>3</em></span> <span class='ocrx_word' id='word_1_493' title='bbox 1804 2529 1852 2615; x_wconf 69' lang='lat' dir='ltr'>estl</span> <span class='ocrx_word' id='word_1_494' title='bbox 1875 2530 1971 2565; x_wconf 85' lang='lat' dir='ltr'>enirn</span> 
     </span>
     <span class='ocr_line' id='line_1_95' title="bbox 1810 2585 1921 2618; baseline 0 -3"><span class='ocrx_word' id='word_1_495' title='bbox 1810 2585 1921 2618; x_wconf 81' lang='lat' dir='ltr'>Utra—</span> 
     </span>
    </p>
   </div>
  </div>
 </body>
</html>
