2169 3047
212 219 295 258 437
472 193 837 239 Dzssfflrnrro
870 185 1466 236 TRJGESIMMECUNQAE
1639 191 1723 242 433

155 262 332 298 obsidione
370 256 534 305 pressam,
562 268 604 290 eo
642 252 716 299 ipso
748 258 852 288 Anno
881 252 917 288 in
953 258 986 288 A
1023 252 1143 288 latum,
1171 248 1212 282 ad
1240 258 1328 294 quos
1355 244 1490 280 Charta
1517 244 1582 279 illa
1608 258 1781 293 pertinere

156 313 328 348 ditionem
366 307 599 355 Augustorum
640 305 801 340 rediisse.
839 306 918 339 Hoc

156 363 248 399 idem
291 373 334 396 ex
370 358 433 393 hac
474 356 545 402 ipsa
585 355 727 402 Philyra
769 354 917 390 ediscere

157 413 353 462 possumus:
383 422 420 444 ea
449 408 578 455 quippe
607 406 732 448 scripta
762 405 832 441 fuit
861 419 911 451 pa>

158 463 208 498 cis
230 472 406 508 tempore,
426 460 457 493 &
481 458 659 493 obsidione
681 458 790 492 soluta
811 469 916 504 quum

158 515 378 547 Ravennates
417 509 509 548 viri,
537 511 570 543 ὅς
610 509 798 543 Faventini
838 509 915 542 Mu-

159 562 317 610 nicipes,
345 560 427 596 idest
466 560 701 597 Decuriones.
730 560 762 593 8<
801 558 917 603 Magi-

159 613 280 648 stratus
317 611 416 646 illius
454 610 566 645 Urbis
592 611 644 644 die
678 613 720 644 ῙΙ.
751 612 833 644 Non.
853 612 916 653 Ju—

162 676 253 697 nuar.
280 661 399 697 Indic‘l.
427 663 487 695 III.
512 661 577 695 hoc
606 660 650 695 est
677 660 818 694 ineunte
846 663 917 694 An-

161 725 207 748 no
228 709 304 757 ipso
328 722 410 756 540.
433 710 563 745 summa
590 723 666 745 cum
695 709 805 744 animi
827 720 919 744 tran-

161 763 341 810 quillitate
368 760 435 795 luis
460 760 612 808 negotiis
639 769 821 803 vacarent,
844 759 919 794 suo—

159 826 226 859 que
245 824 386 847 munere
398 810 622 858 fungerentur
636 839 643 851 ,
657 812 687 845 8(
704 811 851 845 liberum
866 811 919 844 in-

159 872 214 898 ter
243 863 273 897 se
301 861 550 897 commercium
580 870 798 896 exercerent:
827 860 920 907 quod

164 921 256 947 certe
291 910 597 946 turbulentissimis
635 912 716 946 belli
753 912 918 952 tempori-

165 963 248 1001 buS,
277 971 380 1009 atque
407 960 537 995 obsessa
572 960 736 997 civitate
765 953 920 1009 praestari

165 1025 236 1047 non
266 1021 420 1060 poterat.
458 1010 598 1046 clariss.
627 1013 790 1048 Marchio
828 1012 922 1048 Maf-

164 1062 251 1108 sejus
289 1063 432 1096 alteram
479 1063 650 1106 Papyrum
693 1076 711 1096 e
750 1063 920 1097 Vaticana

164 1111 386 1147 Bibliotheca
425 1111 612 1156 produxit,
642 1112 804 1147 mutilam
842 1112 917 1161 qui—

162 1161 263 1200 dem,
289 1160 341 1196 sed
367 1173 454 1208 quae
480 1160 589 1195 adhuc
618 1160 716 1196 hasce
742 1176 845 1198 voces
870 1177 919 1198 re·
958 1163 989 1197 C

161 1211 274 1246 tinet:
315 1213 378 1246 ΙΜ
410 1211 481 1245 diae
517 1215 560 1244 (9⁶
595 1213 772 1259 Quinquies
814 1217 849 1249 P.
883 1218 920 1249 C.

162 1266 360 1297 Ravennae.
384 1263 455 1296 Has
471 1261 533 1296 ille
550 1261 798 1309 interpretatur
815 1266 920 1310 Quin—

162 1313 248 1358 quies
275 1312 339 1358 post
366 1313 569 1353 Consulatum
600 1314 733 1347 Paulini
752 1316 922 1358 Jumbris,

165 1363 232 1396 hoc
269 1362 313 1397 est
343 1365 449 1397 Anno
476 1362 544 1397 Ch.
575 1373 656 1410 539.
685 1366 815 1400 Verum
850 1367 919 1400 An-

166 1425 229 1446 nus
266 1412 328 1446 ille
365 1412 457 1446 inter
493 1415 664 1447 maximas
701 1415 868 1461 angustias
906 1429 924 1450 a

165 1461 429 1496 Ravennatibus
450 1461 591 1495 exustus
615 1462 673 1497 vix
697 1463 812 1497 locum
842 1478 924 1498 con-

167 1510 359 1550 tracffibus,
387 1523 425 1545 ac
453 1510 737 1557 interpretationi
765 1513 846 1549 huic
875 1528 926 1549 re-

169 1561 326 1608 linquit3
366 1574 403 1596 ac
444 1562 623 1605 praecipue
660 1562 681 1596 fi
721 1577 778 1611 per
807 1564 926 1599 literas

1048 311 1167 337 omit.

1025 316 1044 351 p
1078 352 1133 387 Ad
1178 362 1247 384 rem
1292 347 1438 382 nostram
1486 345 1577 392 quod
1625 347 1752 383 attinet
1772 374 1785 391 ‚

1025 403 1191 439 Chartam
1223 412 1330 447 nuper
1355 401 1485 433 eduam
1515 399 1654 444 legens,
1680 397 1786 432 senti-

1026 468 1060 490 re
1089 452 1252 500 potuisti,
1280 464 1350 498 quo
1379 453 1414 483 in
1445 452 1524 483 loco
1554 448 1636 483 effet
1665 452 1718 482 vel
1750 461 1787 482 a—

1027 506 1092 553 pud
1131 503 1251 539 dofflos
1297 504 1480 536 Ravennae
1521 500 1553 533 δε
1596 500 1785 533 faventiae

1029 558 1098 591 An.
1135 555 1202 590 Ch.
1232 563 1313 599 540
1352 552 1491 587 fortuna
1528 549 1686 598 Linguae
1716 552 1787 585 La·-

1027 607 1140 641 tinae.
1180 607 1304 639 Parum
1335 613 1450 638 tamen
1482 601 1547 635 hoc
1575 602 1639 636 est.
1680 603 1787 635 Dete·-

1027 656 1152 691 riorem
1180 657 1339 703 Linguae
1366 653 1515 689 Latinae
1542 650 1783 686 conditionem

1026 708 1129 755 longe
1171 707 1276 741 etiam
1322 714 1421 740 antea
1467 702 1698 749 deprehendas
1746 702 1786 736 in.

1027 758 1217 799 Peranna,
1251 756 1344 791 edita
1371 768 1389 790 a
1429 753 1574 789 Baluzio
1611 753 1692 789 Lib.
1722 752 1786 786 VI.

1027 807 1224 843 Miscellan.
1271 821 1346 856 pag.
1393 805 1475 851 546.
1518 807 1614 839 Haec
1658 801 1787 850 scripta

1027 859 1162 892 Honorio
1205 857 1249 896 όν
1298 857 1458 895 Theodosio
1496 855 1710 897 Consulibus,
1747 865 1787 888 ac

1027 919 1233 955 propterea,
1270 908 1320 942 uti
1362 907 1434 941 veri
1476 905 1613 940 videtur
1651 903 1787 941 simile,

1027 961 1134 994 Anno
1172 959 1238 993 Ch.
1266 970 1350 1003 422.
1382 959 1523 1002 Quanta
1560 954 1612 989 ibi
1649 953 1689 988 fit
1717 954 1789 988 ele-

1028 1009 1145 1057 gantia
1176 1008 1342 1043 sermonis
1379 1018 1589 1054 quamquam
1622 1017 1639 1038 a
1668 1002 1790 1038 Causi-

1026 1061 1105 1094 dico
1126 1069 1185 1094 aut
1209 1058 1361 1094 Notario
1381 1058 1546 1104 quopiam
1571 1054 1684 1089 literis
1706 1066 1789 1088 con-

1027 1108 1191 1157 signatam
1231 1107 1367 1155 opinari
1406 1106 1456 1142 fas
1485 1106 1547 1147 fit,
1575 1104 1713 1150 accipe.
1740 1103 1788 1137 Ob

1025 1164 1077 1195 boc
1104 1160 1202 1205 igitur
1229 1172 1284 1205 ego
1310 1159 1384 1196 ille,
1412 1157 1458 1196 &
1489 1155 1600 1199 conjux
1635 1168 1701 1189 mea
1730 1154 1790 1188 illa

1026 1224 1215 1245 commanens
1243 1212 1311 1244 orbe
1337 1207 1521 1246 Arvernis,
1548 1207 1580 1240 in
1604 1217 1686 1252 pago
1712 1205 1789 1244 illo,

1027 1263 1059 1295 in
1087 1261 1173 1295 villa
1201 1261 1280 1296 illa.
1308 1263 1393 1295 Dum
1422 1273 1481 1293 non
1508 1257 1549 1300 est
1578 1255 1788 1302 incognitum,

1027 1312 1163 1356 qualiter
1189 1312 1335 1346 Cartolas
1363 1310 1479 1351 nostras
1507 1320 1561 1353 per
1587 1306 1789 1349 hostilitatem

1028 1365 1218 1396 Francorum
1246 1363 1278 1395 in
1308 1361 1374 1407 ipsa
1403 1361 1490 1394 lea
1518 1359 1577 1393 illa
1603 1358 1708 1399 manso
1734 1368 1791 1390 no-

1021 1413 1108 1454 stro,
1146 1413 1200 1446 ubi
1240 1411 1304 1449 visi
1338 1412 1446 1455 sumus
1487 1422 1632 1452 manere,
1674 1407 1790 1442 ibidem

1028 1462 1186 1509 perdimus
1197 1475 1216 1504 ;
1238 1462 1282 1494 &⁹
1303 1461 1458 1506 petimus,
1483 1463 1535 1493 vel
1560 1458 1715 1505 cognitum
1735 1457 1791 1500 fa-

1029 1513 1163 1551 ciemus,
1190 1522 1225 1545 ut
1251 1512 1306 1558 qui
1342 1521 1396 1554 per
1423 1509 1505 1553 ipsas
1527 1509 1710 1550 strumentus
1746 1507 1790 1540 (9⁶

1031 1573 1166 1605 tempora
1192 1563 1304 1595 habere
1329 1560 1490 1603 noscuntur
1513 1557 1643 1604 poffeffio
1666 1556 1790 1599 nostra,

169 1611 248 1646 illas
281 1613 348 1645 IM.
378 1611 624 1657 Imperatorem
654 1615 838 1649 Ravennae
865 1615 927 1648 do-
951 1602 998 1647 ³D
1030 1622 1085 1655 per
1111 1612 1191 1645 hanc
1217 1610 1393 1650 occasionem
1424 1609 1590 1649 nostrorum
1621 1617 1713 1653 pater
1739 1607 1791 1639 in-

171 1671 364 1696 mxnantem
394 1661 579 1709 fignificari
606 1664 715 1703 velis,
739 1678 844 1710 quum
872 1674 925 1700 to—

170 1720 245 1746 tum
276 1712 382 1747 ferme
415 1715 557 1747 Annum
590 1725 672 1759 539.
701 1715 830 1749 Gothis
861 1717 923 1749 Ra-

170 1773 282 1796 venna
320 1761 447 1796 servire
476 1764 688 1808 perrexerit.
726 1766 844 1809 Quare
872 1775 928 1799 tu-

169 1811 240 1846 tius
280 1811 546 1846 Instrumenium
590 1813 677 1848 illud
722 1814 845 1849 referas
887 1815 927 1849 ad

171 1863 316 1897 Annum
346 1861 414 1897 Ch.
445 1864 526 1909 546.
558 1862 723 1911 fignatum
751 1866 928 1911 ‚Qiinquies

171 1912 237 1955 post
272 1913 473 1956 Consulatum
509 1914 628 1952 Bafilii
665 1919 701 1950 V.
739 1920 776 1950 C.
815 1918 928 1950 Immo

173 1961 302 2002 serius,
328 1976 432 2009 quum
458 1973 531 1999 tota
558 1964 686 2000 Charta
715 1965 776 2001 illa
802 1966 929 2001 scateat

176 2012 335 2060 Linguae
361 2014 508 2049 Latinae
532 2016 672 2058 naevis,
697 2027 735 2051 ut
760 2017 929 2052 remotior

177 2074 280 2109 quam
322 2073 453 2099 ceterae
494 2064 653 2101 videatur
694 2066 737 2101 ah
778 2067 926 2112 ejusdem

176 2112 348 2159 puritate.
389 2117 512 2150 Annus
553 2115 622 2151 Ch.
661 2128 741 2162 570.
780 2117 930 2166 fignatus

176 2161 220 2196 est
248 2165 283 2198 V.
302 2164 367 2207 ροΙΞ
389 2166 590 2208 Consulatum
601 2169 727 2210 Jultmi
746 2171 817 2204 Iun.
836 2173 928 2215 A'ug.

175 2213 224 2248 Et
252 2215 374 2249 Annus
404 2218 485 2261 587.
514 2219 551 2250 V.
578 2217 640 2259 post
673 2216 799 2259 Consul.
829 2223 928 2253 Mau-

174 2263 247 2297 vicii
282 2264 425 2299 Tiberii.
462 2265 589 2300 Itidem
627 2269 752 2304 Annus
779 2272 862 2317 607.
893 2273 930 2305 V.

167 2314 236 2359 post
256 2315 383 2357 Consul.
408 2318 504 2350 Focae
522 2319 613 2362 Aug.
634 2320 681 2352 Et
699 2321 821 2355 Annus
843 2327 927 2365 615.

176 2367 214 2400 V,
239 2365 304 2409 pes}
339 2366 463 2405 Consul.
492 2367 635 2401 Heraclii
657 2372 747 2410 Aug.
779 2372 823 2403 Et
852 2374 929 2405 An-

176 2427 240 2450 nus
265 2415 349 2462 646.
373 2418 408 2450 V.
427 2416 493 2460 post
511 2417 640 2460 Consul.
657 2420 834 2457 Constantis
853 2425 929 2454 Au-

171 2465 275 2511 gusti,
319 2466 427 2501 Alios
470 2469 595 2503 Annos
635 2470 766 2506 omitto
808 2470 929 2505 eodem

178 2517 322 2553 Saeculo
348 2519 432 2554 vn.
457 2516 623 2556 habentes
658 2522 695 2556 V.
720 2521 789 2568 post
811 2522 931 2567 Consu-

1033 1672 1078 1695 ter
1100 1660 1241 1705 epistolas
1266 1661 1339 1694 illas
1363 1661 1402 1693 de
1424 1659 1543 1702 mansos
1571 1658 1604 1691 in
1629 1657 1696 1703 ipsa
1719 1656 1790 1690 Vil-

1033 1712 1066 1745 la
1093 1711 1174 1748 illa,
1199 1711 1239 1743 de
1264 1723 1326 1755 qua
1353 1710 1417 1756 Ipso
1448 1708 1619 1747 atraximus
1646 1707 1681 1741 in
1709 1708 1792 1741 inte-

1030 1774 1144 1807 grum,
1171 1771 1206 1794 ut
1233 1761 1275 1793 (9·
1303 1759 1452 1793 vinde-dit
1480 1758 1538 1800 ista
1572 1758 1676 1792 omnia
1697 1758 1792 1803 supe-

1034 1814 1099 1846 rius
1126 1810 1315 1853 conscripta,
1343 1811 1396 1843 vel
1426 1811 1506 1855 quod
1541 1821 1705 1843 memorare
1731 1807 1790 1840 mi-

1034 1875 1118 1896 neme
1150 1861 1294 1907 poffimus
1323 1859 1497 1904 Judicibus
1532 1858 1637 1894 brevis
1674 1859 1791 1898 nostras

1029 1911 1170 1959 spondit‘s
1206 1911 1481 1951 incoleaeionIbus‚
1507 1910 1562 1944 vel
1596 1910 1680 1943 alias
1709 1909 1792 1951 stro-

1035 1973 1153 1997 mentas
1179 1972 1244 1997 tam
1271 1962 1402 2003 nostris,
1429 1974 1522 2007 quam
1549 1958 1595 1997 ό*
1621 1959 1677 2005 qui
1705 1958 1793 1992 nobt's

1034 2018 1261 2048 commendatas
1299 2012 1454 2055 suerunt,
1495 2011 1546 2045 hoe
1587 2011 1669 2045 inter
1710 2009 1794 2055 ipsas

1037 2065 1140 2098 Villas
1160 2063 1406 2109 suprascrIptas.
1435 2062 1489 2096 vel
1515 2064 1552 2096 de
1577 2061 1658 2108 ipsas
1686 2062 1796 2094 turbas

1037 2115 1151 2149 ibidem
1176 2114 1354 2158 perdimus.
1392 2116 1439 2147 Ει
1465 2113 1621 2159 petimus,
1645 2122 1681 2145 ut
1716 2111 1797 2144 hane

1036 2164 1309 2206 conteflaciuncula
1346 2164 1396 2203 scu
1420 2163 1599 2209 planfluria
1630 2173 1685 2207 per
1717 2161 1798 2195 hane

1036 2217 1168 2250 canolas
1201 2215 1238 2249 in
1273 2214 1370 2257 nostro
1396 2215 1529 2248 nomine
1565 2214 1708 2259 collegere
1741 2211 1795 2246 vel

1036 2265 1204 2310 adfirmare
1237 2268 1433 2302 deberemus.
1469 2269 1540 2311 Quo
1567 2265 1616 2298 ita
1651 2265 1695 2297 (9'
1722 2262 1796 2303 feci-

1037 2330 1105 2350 mus
1132 2317 1191 2358 illa
1225 2317 1422 2364 Principium
1460 2316 1596 2350 Honorio
1622 2313 1667 2352 &⁹
1695 2314 1797 2348 Theo-

1036 2367 1117 2408 dista
1149 2367 1327 2408 Confilibus
1359 2381 1462 2401 eorum
1486 2366 1528 2401 ab
1562 2366 1657 2408 hostio
1692 2362 1797 2408 lanflo

1038 2418 1097 2452 illo
1121 2418 1228 2460 Castro
1253 2419 1453 2453 Claremunte
1484 2428 1542 2462 per.
1573 2418 1713 2455 triduum
1739 2417 1799 2449 ha-

1024 2468 1160 2513 ‘bendi‚‘
1181 2469 1237 2503 vel
1261 2468 1504 2511 custodivimus,
1532 2467 1582 2509 [eu
1609 2468 1643 2501 in
1671 2475 1798 2500 mercato

1034 2519 1178 2565 publico,
1206 2519 1243 2553 in
1276 2532 1335 2566 quo
1361 2520 1433 2553 ordo
1466 2518 1582 2554 Curiae
1614 2519 1797 2558 duxerunt,

1083 2569 1115 2603 E
1140 2582 1158 2604 e
1187 2581 1209 2605 2
1689 2574 1748 2601 aut
