2169 3047
228 223 304 270 155
543 209 905 253 DISSERTATIO
936 209 1397 257 VIGESIMANONA.
1639 222 1720 259 166

164 277 241 318 vit,
268 284 354 319 quos
381 270 505 307 deinde
531 270 742 312 Castruccinos
769 271 921 317 appella-
953 276 989 310 A
1020 269 1136 305 literis
1164 270 1406 318 confignabat:
1438 271 1468 306 Il
1492 273 1599 316 perch&
1627 273 1638 307 ἰ
1664 273 1778 320 Ptsam‘

163 338 263 361 vere.
306 321 504 358 florentini
547 323 631 356 vero
671 321 704 355 &
732 319 818 377 iPfi’
863 321 947 364 ubil
994 339 996 344 f
1021 320 1184 367 (aciebus
1213 321 1254 356 ad
1281 322 1421 357 moenia
1450 323 1649 359 Florentiae
1669 325 1777 361 dedu-

163 374 328 412 secundae
355 386 407 409 res
436 372 640 415 successere,
679 383 771 418 paria
801 380 922 407 contra

164 425 307 462 Pisanos
330 449 340 466 ,
390 423 551 459 Senenses
574 452 584 466 ,
638 420 921 457 Mediolanenses

165 474 358 525 praestitere
369 501 377 511 .
397 473 474 522 Ipso
489 486 628 521 quoque
641 475 749 507 Anno
761 474 920 508 MCCC—

165 529 277 562 XXV.
328 524 547 561 Mutinenies
594 523 706 571 copiis
757 522 921 558 Paflarini

165 577 382 619 Mantuani,
411 574 568 611 Azzonis
597 573 854 617 vicecomitis,
882 572 919 608 &

166 627 415 664 Marchionum
453 624 637 661 Estenfium
669 623 822 663 suffulti,
865 623 920 658 in-

166 678 262 727 genti
290 677 395 725 strage
422 675 614 711 exercitum
649 672 918 710 Bononienfium

166 729 207 764 ad
243 728 453 775 Zapolinum
492 726 640 772 fregere.
681 727 776 759 Tum
814 723 920 770 usque

166 778 207 814 ad
237 787 349 825 portas
379 776 557 812 Bononiae
585 774 742 809 deduffis
783 774 920 821 copiis,

167 827 325 864 universa
354 826 534 876 populati,
563 824 693 860 ibidem
716 824 919 860 constitere.

168 879 330 925 Insuper,
358 887 398 913 ut
424 877 543 913 scribit
570 878 740 911 Moranus
762 875 802 910 ad
823 887 920 910 eum-

167 930 244 964 dem
274 930 417 964 Annum
446 928 482 963 in
511 926 691 963 Chronico
728 924 919 962 Mutinensi

167 982 288 1016 Tomo
317 981 376 1016 XI.
407 981 483 1014 Rer.
511 977 734 1021 Italicarum,
770 990 791 1012 a
830 976 921 1011 alifia

167 1034 265 1066 Porta
300 1030 457 1065 Civitatis
498 1027 730 1076 (Bononiae)
765 1027 810 1063 ad
835 1029 918 1061 Pon—

167 1091 227 1115 tem
264 1081 370 1115 Rheni
405 1080 557 1124 facientes
596 1090 685 1125 equos
724 1090 840 1113 currere
879 1077 922 1111 ad

167 1131 277 1166 Pallia
305 1130 350 1168 ὠ
377 1131 546 1165 Scarleta:
572 1142 668 1163 unum
693 1128 843 1164 videlicet
866 1137 923 1171 pro

166 1183 331 1216 Communi
374 1184 541 1216 Cremonae
562 1206 573 1224 ,
623 1180 712 1225 cujus
764 1178 921 1214 Civitatis
951 1177 985 1215 C

164 1232 328 1278 praefatus
353 1235 452 1276 Azzo
479 1230 596 1273 exstitit
621 1231 770 1265 titulatus
785 1243 806 1272 ;
831 1229 923 1264 aliud

165 1295 221 1328 pro
241 1284 404 1316 Communi
424 1283 590 1316 Ferrariae
600 1294 620 1323 ;
645 1281 738 1316 aliud
752 1291 809 1327 pro
830 1283 921 1314 Com-

168 1332 255 1366 muni
283 1336 440 1367 Mantuae
452 1346 472 1374 ,·
499 1331 545 1370 ιΖΞἫ
572 1332 723 1378 reliquum
747 1342 804 1375 pro
830 1333 921 1365 Com-

168 1383 254 1416 muni
281 1384 432 1417 Mutinae
457 1382 639 1420 antedielo,
684 1383 728 1416 ad
766 1392 922 1417 aeternam

168 1433 342 1466 memoriam
359 1431 610 1478 praemissorum,
638 1432 681 1469 (9¹
701 1432 831 1478 ipsorum
858 1436 917 1466 Bo-

170 1481 358 1521 nonienfium
379 1481 583 1524 scandalum.
606 1481 736 1516 ‘Liceat
762 1482 839 1516 heic
860 1495 923 1516 no—

171 1532 222 1566 bis
242 1530 422 1565 emendare
442 1528 591 1564 Corium
608 1553 616 1567 ‚
644 1531 704 1577 qui
726 1530 813 1566 hanc
839 1533 922 1567 Mu-

169 1579 354 1616 tinenfium
406 1579 593 1616 vietoriam
632 1580 735 1615 refert
776 1581 816 1616 ad
847 1585 920 1616 An—

169 1643 250 1666 num
294 1632 573 1666 MCCCXXIII.
619 1632 681 1665 Sed
723 1632 862 1679 longius
905 1630 987 1666 al)

169 1681 320 1717 veritate
356 1680 469 1716 abfuit
503 1680 771 1715 Ghirardaccius
814 1695 923 1729 nuper

166 1740 404 1769 memoratus,
431 1729 493 1776 qui
521 1729 640 1764 claufis
666 1731 780 1765 oculis
807 1730 922 1766 Corio

167 1779 402 1822 subscribens,
445 1778 497 1814 bis
537 1779 729 1815 debellatos
757 1794 775 1815 a
804 1780 919 1816 Muti-

166 1829 322 1866 nenfibus
370 1829 604 1865 Bononienses
645 1829 721 1866 suos
768 1830 921 1879 scripfit,

166 1881 232 1917 hoc
260 1880 304 1917 est
331 1882 439 1916 Anno
460 1882 741 1917 MCCCXXIII.
761 1894 800 1917 ac
820 1882 920 1917 dein-

165 1931 208 1968 de
234 1933 493 1967 Mcccxxv.
530 1931 613 1967 Una
651 1940 786 1967 tantum
824 1933 920 1968 clade

167 1981 309 2030 percuffi
337 1981 373 2017 in
401 1995 442 2017 eo
470 1982 562 2017 bello
590 1982 826 2019 Bononienses
847 1982 918 2019 fue-

169 2045 228 2067 re.
271 2031 418 2080 Reliqua
456 2032 716 2068 consuetudinis
749 2033 850 2082 hujus
883 2047 919 2070 e-

169 2082 306 2128 xempla
334 2091 530 2130 praetereo,
564 2096 651 2131 quae
679 2083 779 2119 illius
804 2085 918 2121 seculi
955 2077 984 2111 Ε

169 2130 322 2167 Historia
348 2132 564 2182 suppeditat.
590 2136 688 2170 Haec
707 2143 823 2170 autem
846 2136 918 2183 ple-

170 2194 275 2229 raque
310 2181 334 2216 fi
372 2182 516 2230 puerilia
553 2183 667 2221 inanis
703 2185 836 2234 gloriae
864 2185 919 2221 in-

169 2241 275 2267 venta
308 2234 508 2280 appellem,
553 2234 740 2272 concordes
781 2249 917 2272 mecum

168 2282 338 2330 sapientes
365 2282 517 2331 quosque
542 2283 742 2322 habiturum
764 2300 820 2322 me
846 2287 919 2335 spe-

169 2345 229 2368 ro.
267 2334 390 2379 Neque
426 2333 496 2368 alia
523 2333 592 2370 fuit
626 2335 796 2372 sententia
836 2337 919 2373 Phi—

169 2382 268 2430 lippo
304 2382 488 2427 Villanio,
524 2383 585 2431 qui
620 2385 703 2421 Lib.
740 2388 800 2421 XI.
828 2387 918 2436 Cap.

170 2434 229 2479 63.
256 2433 385 2469 bellum
413 2433 506 2469 inter
535 2433 675 2470 Pisanos
701 2448 739 2471 ac
776 2437 920 2472 Floren-

171 2484 265 2518 tinos
310 2483 369 2519 suo
410 2491 593 2532 tempore,
634 2485 700 2521 hoc
741 2485 785 2521 est
812 2488 920 2524 Anno

171 2533 446 2570 MCCCLXIII.
464 2534 591 2583 gestum
608 2535 820 2576 describens,
837 2537 920 2574 haec

1020 370 1111 418 Utis)
1148 370 1266 414 feciono
1306 386 1418 407 torrere
1459 373 1485 406 il
1511 374 1604 407 Palio
1627 386 1682 420 per
1708 387 1777 412 tra·

1019 422 1106 466 verso
1133 435 1152 456 a
1179 422 1338 466 Rifredi,
1367 437 1382 457 e
1408 433 1459 458 tra
1485 424 1514 457 le
1540 425 1683 461 schim-e.
1712 429 1775 462 Pit>

1013 472 1130 516 feciono
1156 471 1275 507 battere
1302 476 1439 508 Munera
1450 487 1470 516 ‚⁶
1508 488 1523 508 e
1558 476 1592 510 al
1632 480 1730 511 Ponte
1756 493 1776 513 a

1019 522 1149 565 Rifredi
1185 523 1387 568 impiccarono
1428 535 1474 558 tre
1512 526 1649 569 Asini;
1683 541 1699 561 e
1722 539 1778 572 per

1017 572 1190 617 derisione,
1226 575 1289 608 loro
1320 576 1453 622 puosono
1478 576 1513 610 al
1539 577 1613 611 collo
1641 578 1666 611 il
1692 592 1778 612 ‚tome

1017 624 1052 657 di
1079 634 1124 657 tre
1143 625 1329 668 Ctttadim'‚
1356 641 1377 661 a
1399 626 1537 670 ciascuno
1564 628 1590 661 il
1610 628 1684 672 suo.
1714 631 1778 663 Ec-

1018 686 1048 707 co
1076 674 1109 707 in
1137 675 1188 708 che
1216 675 1228 708 i
1257 675 1338 720 [ιω]
1378 677 1542 711 Communi
1576 678 1613 711 di
1640 680 1778 725 Firenze

993 749 995 753 s
1018 737 1033 757 e
1059 724 1094 757 di
1122 724 1200 769 Pisa
1219 725 1377 771 spendono
1405 727 1417 761 i
1443 728 1568 762 miliani
1605 729 1642 763 di
1669 730 1778 764 Fiori-

1019 774 1054 807 m'
1069 800 1079 817 ,
1125 776 1346 811 rinovellando
1390 776 1489 823 speffo
1533 778 1633 826 queste
1673 780 1778 815 villa-

1019 837 1069 857 nle
1095 837 1135 859 CC·

1069 875 1155 910 Sunt
1181 874 1220 911 ὃς
1247 877 1316 913 alia
1344 878 1543 925 Speaestacula
1572 893 1592 915 a
1618 879 1778 928 pluribus

1018 926 1150 960 Seculis
1192 925 1313 962 usitata
1360 929 1559 964 Florentiae
1583 953 1594 969 ‚
1637 932 1778 976 Senae,

1019 976 1204 1019 venetiis,
1234 976 1403 1014 videlicet
1431 979 1457 1013 il
1482 980 1597 1014 Giuoco
1621 981 1674 1015 del
1699 982 1780 1017 Cal-

1017 1026 1080 1064 cio,
1120 1027 1149 1060 le
1175 1030 1315 1074 Regatte
1344 1043 1408 1073 ειη,
1446 1043 1466 1065 a
1493 1030 1618 1078 quibus
1659 1044 1779 1067 recen-

1017 1074 1128 1111 fendis
1166 1077 1345 1114 abstineo.
1384 1081 1508 1115 Seculo
1539 1080 1646 1116 etiam
1675 1083 1776 1119 XIV.

1017 1125 1054 1161 in
1081 1126 1242 1163 Civitate
1272 1131 1429 1165 Romana
1450 1133 1560 1165 Ludus
1581 1134 1777 1177 Taurorum,

1016 1176 1084 1213 sive
1112 1177 1288 1214 nobilium
1324 1182 1497 1223 Juvenum
1540 1194 1617 1217 cum
1648 1183 1777 1219 Tauris

1015 1227 1201 1264 indomitis
1244 1239 1444 1272 certamen,
1487 1231 1524 1267 in
1562 1232 1778 1281 Amphitea-

1015 1287 1071 1314 tro
1099 1280 1181 1315 Titi
1209 1281 1377 1317 celebrari
1405 1282 1591 1319 consuevit
1608 1310 1616 1318 .
1661 1283 1777 1332 Ipsum

1016 1329 1208 1366 describens
1236 1332 1440 1369 Lodovicus
1469 1333 1713 1370 Monaldescus
1738 1335 1776 1372 in

1017 1381 1243 1424 Annalibus,
1271 1384 1391 1417 Tomo
1421 1385 1500 1419 XII.
1528 1397 1592 1419 rer.
1621 1385 1776 1422 Italicar.

1017 1444 1092 1478 pag.
1137 1443 1220 1477 535.
1263 1442 1444 1468 enumerat
1485 1435 1623 1470 nobiles
1652 1435 1777 1476 viros,

1016 1483 1077 1528 qui
1101 1483 1136 1515 in
1158 1495 1294 1518 arenam
1309 1510 1319 1527 ‚
1347 1484 1457 1519 Anno
1478 1486 1775 1521 Mcccxxxn.

1016 1530 1291 1576 descenderunt,
1342 1547 1533 1581 eorumque
1574 1535 1776 1582 chlamydes

1017 1590 1120 1627 atque
1148 1583 1378 1618 emblemata.
1424 1585 1662 1632 Pugnatorum
1704 1585 1776 1621 for-

1017 1630 1207 1666 titudinem
1249 1633 1388 1678 laudat,
1427 1632 1482 1669 sed
1519 1647 1623 1681 quem
1665 1634 1772 1671 finem

1016 1681 1135 1717 Ludus
1173 1681 1358 1727 habuerit,
1400 1683 1483 1719 haec
1530 1685 1628 1720 illius
1665 1687 1773 1722 verba

1017 1731 1193 1779 produnt:
1239 1733 1334 1767 Tutti
1368 1733 1554 1779 affaltarono
1581 1735 1606 1768 il
1625 1735 1683 1779 fico
1709 1740 1774 1770 To-

1016 1794 1075 1820 ro,
1111 1794 1126 1815 e
1166 1781 1522 1831 (de’combattenti)
1560 1797 1598 1817 ne
1631 1785 1775 1830 rimasero

1016 1832 1110 1865 morti
1135 1832 1304 1875 dicidotto,
1341 1847 1357 1867 e
1384 1847 1462 1868 nove
1498 1833 1617 1877 striti‚·
1656 1849 1672 1869 e
1697 1837 1736 1870 de
1763 1836 1775 1871 ἱ

1016 1884 1092 1916 Τονὶ
1129 1896 1166 1915 ne
1206 1883 1347 1927 rimasero
1393 1885 1485 1918 morti
1524 1885 1658 1920 unde-ci.
1697 1887 1775 1921 Αἰ

1016 1932 1108 1966 morti
1126 1931 1159 1973 fi
1179 1933 1244 1976 fece
1271 1947 1312 1967 un
1336 1936 1459 1979 grande
1485 1948 1590 1970 onore.
1619 1935 1653 1971 Si
1675 1944 1773 1974 tanta

1017 1982 1069 2018 ibi
1116 1995 1235 2018 revera
1285 1983 1353 2019 fuit
1403 1984 1586 2020 hominum
1633 1987 1773 2027 caedes,

1017 2032 1131 2081 qualis
1173 2032 1279 2068 fuerit
1314 2042 1511 2082 temporum
1548 2035 1691 2071 illorum
1720 2036 1772 2072 sa·-

1019 2082 1177 2132 pientia,
1230 2083 1310 2119 aliis
1352 2085 1628 2133 perpendendum
1665 2087 1773 2122 relin-

1019 2147 1145 2181 quam.
1194 2134 1439 2171 Prudentiores
1491 2144 1583 2171 certe
1632 2135 1773 2173 fuerunt

1020 2187 1259 2220 Romanorum
1295 2184 1440 2221 illorum
1478 2185 1628 2234 posteri,
1657 2186 1769 2223 immo

1019 2236 1052 2270 &
1106 2235 1235 2282 reliqui
1282 2236 1440 2284 Populi,
1491 2236 1552 2283 qui
1598 2237 1772 2284 periculo-

1020 2285 1093 2320 sum
1121 2285 1205 2320 adeo
1233 2295 1429 2330 certamen,
1465 2286 1508 2321 ab
1536 2286 1613 2322 unis
1641 2287 1772 2325 vilibus

1020 2334 1283 2371 Gladiatoribus
1318 2336 1406 2372 olim
1450 2336 1674 2384 usurpatum,
1717 2348 1774 2375 to-

1020 2395 1095 2422 tum
1139 2385 1300 2422 dimisere
1336 2385 1513 2434 agilitati,
1549 2386 1773 2425 dexteritati-

1020 2450 1086 2485 que
1113 2436 1325 2484 Hispanicae
1351 2437 1484 2485 gentis,
1525 2450 1630 2485 quam
1675 2440 1770 2476 nulla

1019 2487 1186 2523 haaenus
1213 2486 1349 2523 suorum
1377 2486 1495 2522 funera
1522 2488 1564 2523 ab
1592 2487 1769 2534 hujusmo-

1019 2537 1055 2573 di
1100 2536 1304 2583 SpeRaculo
1349 2546 1504 2573 avertere
1555 2546 1768 2621 potulqrunt.

1073 2589 1105 2622 L
1135 2597 1155 2620 z
1652 2596 1719 2624 ‘rat
