2169 3047
403 205 485 254 803
748 200 876 242 ΑΝ
856 199 920 241 '³1³

369 257 571 307 -fignificat
596 257 788 298 Caminum
817 259 918 294 nobis
949 261 982 293 la
1012 257 1107 293 Fuci
1138 256 1184 292 ΑΙ

380 322 470 352 -na;
505 317 541 345 at
577 309 721 344 verbum
760 312 879 356 Forger
914 309 1020 344 latius
1048 321 1108 343 ex-

398 359 510 395 currit
524 387 532 403 ,
554 359 748 408 significans
770 360 958 403 Fabricare‚
980 361 1013 394 8<
1036 372 1109 394 me-

397 410 581 459 taphorice
608 411 826 451 Comminisci‚
855 411 955 446 nobis
990 413 1109 445 Inven-

399 470 493 495 tare:
520 461 570 496 ita
599 470 638 496 ut
673 460 783 508 ipsum
813 464 913 508 Fcrge
950 461 1109 496 videatur

399 512 488 546 olim
527 510 647 546 eodem
686 510 802 551 sensu,
834 513 898 546 hoc
935 511 980 546 est
1015 514 1106 545 Com-

398 561 518 600 menti,
541 561 640 595 nobis
668 562 860 605 Invenzione
885 560 1082 608 usurpatum
1097 588 1106 596 .

398 613 498 656 Quae
527 624 618 646 nunc
647 613 743 645 Moa'e
771 621 829 646 aut
858 612 1047 654 Invenzt'oni
1073 610 1106 646 d’

397 662 501 703 abiti,
536 662 572 695 di
606 664 743 704 tlrappi‚
777 661 997 697 d'ornamenti
1033 661 1103 700 &c.

347 735 352 740 ·
396 712 632 758 appellamus,
661 712 746 746 olim
764 739 772 753 ,
802 723 840 748 ut
868 726 964 751 reor,
990 714 1107 758 Forges

395 775 415 796 a
442 762 578 803 Gall's,
606 760 642 796 &
673 763 792 807 Foggie
820 778 837 798 a
866 763 990 799 Tuscis
1019 776 1104 798 nun.

395 822 540 860 cupatae
562 811 719 847 fuerunt.
747 817 794 848 Un
814 825 940 858 panno,
961 827 1025 847 una
1048 827 1100 847 ve-

388 862 436 904 ste
472 863 508 896 di
544 876 673 903 nuova,
710 864 746 897 di
780 865 922 907 disusata
959 864 1104 909 Forgr'a,

393 911 461 947 hoc
489 913 533 948 est
563 913 741 953 Fabbrn'ca,
766 915 803 950 in
831 916 891 951 usu
919 914 1007 950 fuit.
1039 916 1105 949 Pro

394 975 465 1010 quo
490 963 598 999 Tusci
627 963 838 1001 invexerunt
865 967 1007 1012 Foggia.
1035 967 1103 1000 At-

393 1026 462 1060 que
485 1014 520 1049 id
542 1025 673 1050 certum
696 1029 800 1061 paene
818 1016 980 1064 viderur3
1002 1016 1102 1062 quip-

394 1076 436 1121 pe
464 1064 586 1099 iisdem
616 1065 741 1101 Tuscis
780 1076 853 1101 erat
881 1067 989 1101 eriam
1018 1068 1104 1109 Fog-

390 1114 481 1159 giare
512 1128 572 1161 pro
603 1116 794 1158 fabricare,
824 1117 912 1162 Effe»
912 1129 1022 1158 ·‚mare
1051 1129 1102 1150 ea-

393 1176 461 1210 que
480 1177 564 1199 voce
583 1164 659 1199 usus
680 1165 723 1199 est
741 1168 888 1208 Joannes
905 1166 1002 1201 Villa
1008 1165 1104 1202 nius.

344 1215 461 1248 folla.
478 1214 651 1259 Confidam
666 1215 822 1250 hominum
836 1219 982 1257 szrba
997 1219 1104 1260 Sunt,

395 1276 482 1310 quae
507 1264 596 1298 mihi
626 1264 868 1310 persuadeant,
892 1266 1103 1301 subscriben-

394 1313 476 1347 dum
505 1313 569 1348 effe
606 1313 798 1361 Menagio,
827 1316 888 1360 qui
927 1316 997 1362 post
1025 1319 1104 1351 Sca-

393 1364 542 1410 ligerum
571 1376 589 1396 a
619 1363 714 1396 Fullo
752 1364 902 1397 fullonis
939 1364 1103 1399 Italicum

391 1413 459 1448 hoc
501 1413 713 1448 vocabulum
756 1413 955 1450 derivavit.
999 1416 1104 1450 Atta-

392 1476 472 1498 men
517 1462 625 1510 prisca
670 1476 740 1497 vox
788 1465 832 1498 est
874 1465 1105 1501 Germanicae

391 1514 554 1562 Linguae
576 1514 677 1557 Full,
701 1514 782 1553 Fol,
802 1515 940 1555 Plenus,
963 1515 999 1551 ἃ
1023 1517 1104 1550 Ful-

392 1566 423 1598 le
449 1564 531 1599 idest
559 1564 678 1610 Copia,
707 1564 950 1604 Alnmdamiffi
981 1566 1106 1602 Italice

391 1615 577 1660 Ρίεηεξζα,
607 1615 726 1650 Piena.
756 1616 838 1650 Inde
870 1617 1009 1656 Fullen,
1039 1622 1098 1652 Re-

386 1665 499 1712 plere‚
536 1665 662 1700 eisdem
700 1666 910 1702 Germanis.
948 1665 1033 1702 Inde
1070 1681 1103 1703 e—

391 1714 479 1750 tiam
499 1717 692 1764 Anglicum
716 1718 816 1755 Full,
833 1719 987 1753 Plenum.
1005 1720 1103 1764 Qua-

391 1780 428 1801 re
456 1780 525 1802 non
554 1767 736 1803 immerito
764 1768 900 1803 credere
928 1769 1057 1813 liceat,
1086 1782 1104 1804 e

392 1817 582 1852 Germania
610 1817 650 1852 ad
676 1831 739 1853 nos
768 1818 926 1867 migrasse
953 1819 1102 1855 nostrum

393 1865 430 1901 ἃ
460 1867 691 1915 Hispanicum
720 1870 837 1909 Folla
864 1870 897 1903 8<
923 1869 1102 1905 Gallicum

393 1918 518 1951 Foule:
545 1932 650 1966 quum
683 1919 751 1965 pari
782 1919 919 1955 ratione
947 1919 1103 1956 dicamus

394 1967 430 2001 Ia
468 1970 565 2004 Frena
604 1971 635 2004 δε
674 1971 706 2004 la
744 1971 838 2005 Falla
876 1971 929 2004 del
964 1972 1103 2010 Popolo,

394 2018 480 2052 della
506 2023 622 2054 Geme.
651 2021 756 2064 Quod
785 2020 807 2055 si
836 2020 946 2056 adhue
982 2020 1103 2064 instes,

393 2075 467 2112 tam
496 2069 819 2114 Germanosrquam
854 2084 915 2106 nos
943 2085 960 2106 e
978 2073 1104 2106 ‘Falto-

393 2129 468 2151 mnn
508 2125 580 2151 arte
618 2117 791 2151 deduxisse
828 2120 916 2154 hanc
953 2135 1102 2161 vocem,

393 2179 465 2201 non
512 2166 674 2202 obstabo.
711 2168 838 2214 (Multa
879 2169 1018 2215 quidem
1061 2172 1102 2207 de

345 2229 351 2234 ·
394 2217 606 2252 fullonibus*
630 2217 839 2265 disceptavit
891 2221 1070 2257 Salmafius
1091 2249 1100 2258 .

395 2268 563 2303 Nondum
605 2277 722 2303 tamen
764 2268 906 2305 evidens
944 2271 1009 2314 est,
1048 2273 1100 2308 uti

393 2317 492 2366 supra
520 2318 664 2362 monui,
693 2319 732 2354 ad
761 2333 818 2354 eos
844 2319 1002 2367 speeiafl‘e
1030 2324 1100 2358 cal-

394 2382 470 2403 care
507 2369 649 2416 pedibus
688 2369 755 2416 (ut
791 2369 852 2405 ille
889 2372 1098 2419 contendit)

392 2418 426 2452 δ(
455 2419 591 2455 densare
628 2433 776 2467 pannos.
814 2421 905 2456 Vide
933 2422 1041 2462 supra
1059 2424 1099 2458 ad

341 2487 348 2493 -
392 2481 514 2504 vocem
568 2473 740 2517 Danzare.
786 2473 930 2507 Certum
979 2484 1098 2509 contra

393 2518 460 2566 est,
484 2520 686 2560 consuetum
714 2536 834 2561 eorum
861 2536 986 2561 munus
1015 2523 1098 2561 fuis-

903 197 1119 256 1⁸93sz
1159 195 1374 240 ΜΕΝ]
1410 196 1573 240 AEVJ

1145 712 1173 746 Β

1209 813 1300 846 Folle
1310 839 1318 847 .
1364 813 1490 846 Stultus
1501 836 1511 851 ‚

1831 201 1900 239 80-

1264 256 1297 293 se
1318 270 1480 304 purgare,
1502 255 1680 304 expolire,
1701 267 1739 291 ac
1759 214 1973 302 tergerjve-

1263 307 1443 352 stimenta‚
1470 309 1504 343 δε
1534 308 1667 355 ρεξὶετε
1694 319 1844 354 pannos.
1866 306 1973 351 Quod

1262 358 1286 394 fi
1323 372 1441 395 revera
1479 361 1668 395 Fullonum
1706 356 1796 397 fuit
1833 356 1973 392 deniare

1262 423 1414 458 pannos,
1443 420 1527 445 tunc
1555 423 1622 444 non
1654 410 1843 455 incongrue
1873 416 1973 454 pute-

1262 473 1338 496 mus
1366 460 1448 496 inde
1475 460 1640 495 emerfiffe
1677 459 1856 494 Gallicum
1886 460 1973 492 Fou-

1261 511 1328 553 ler,
1365 510 1403 546 &
1441 510 1589 545 nostrum
1627 510 1812 554 Affollare,
1841 508 1893 544 uti
1932 507 1971 545 &

1262 563 1378 595 Falla.
1418 560 1559 604 Quippe
1589 559 1712 593 Italice
1748 571 1887 604 quoque
1917 559 1972 594 di-

1262 611 1373 646 cimus
1398 611 1431 644 la
1457 608 1581 653 Pressa,
1603 609 1634 643 δε
1661 609 1695 642 la
1715 608 1811 641 Calca
1835 609 1886 640 del
1908 611 1972 642 Po—

1258 661 1329 705 polo
1354 674 1414 708 pro
1440 661 1474 693 la
1500 660 1594 694 Falla
1617 659 1669 692 del
1698 658 1830 701 Popolo,
1856 666 1896 693 ut
1917 658 1972 693 vi-

1260 712 1339 746 deas
1376 709 1666 766 significationem
1705 707 1801 742 verbi
1833 711 1971 742 premere

1261 761 1428 797 inclusam
1450 773 1484 796 m
1502 759 1681 796 vocabulis
1695 759 1790 792 F0tla
1806 759 1836 792 8<
1853 760 1899 792 Fu
1901 759 1970 794 ule

1559 810 1710 855 Insanus.
1754 810 1788 843 A
1835 810 1970 844 Graeco

1259 864 1419 907 (Docwxor
1445 869 1664 905 Monofinius
1689 870 1721 903 δ(
1750 867 1888 902 Voffius
1912 867 1973 902 de-

1259 921 1410 956 rivatam
1439 934 1562 956 vocem
1599 919 1809 963 opinantur.
1839 919 1870 951 A
1901 919 1972 953 La-

1258 971 1337 1006 tino
1361 972 1465 1006 Follis
1484 970 1666 1017 Menagius
1690 967 1857 1011 deduxit,
1879 966 1971 1015 quasi

1259 1021 1380 1057 stultus
1407 1025 1447 1057 ab
1475 1022 1632 1057 inanr'tate
1656 1020 1757 1055 Follis
1787 1017 1825 1053 fit
1854 1019 1974 1066 appel-

1257 1072 1392 1106 latione
1429 1072 1487 1107 ista
1524 1072 1668 1119 dignus.
1699 1069 1793 1105 Mihi
1833 1068 1972 1116 quoties

1257 1121 1467 1156 Germanica
1496 1122 1636 1167 Lingua
1677 1119 1843 1153 vetustam
1877 1119 1972 1153 suam

1255 1184 1380 1207 vocem
1409 1172 1548 1206 affinem
1581 1168 1800 1215 suppeditat
1826 1167 1866 1202 ad
1895 1180 1972 1203 eam

1257 1222 1375 1270 potius
1414 1223 1518 1270 quam
1551 1220 1591 1256 ad
1628 1221 1821 1260 Graecam,
1850 1217 1972 1253 confu-

1257 1272 1421 1320 giendum
1460 1272 1619 1306 videtur.
1650 1272 1730 1304 Huc
1768 1268 1862 1303 enim
1893 1270 1968 1302 Go-

1256 1321 1335 1363 thi,
1364 1320 1610 1367 Langobardi,
1639 1317 1789 1357 Franci,
1817 1316 1853 1350 &
1882 1319 1953 1352 Ge·
1954 1338 1971 1345 -

1257 1349 1376 1412 marii,
1405 1369 1523 1404 cunffi
1551 1366 1710 1402 Boreales
1739 1365 1887 1412 Populi,
1913 1379 1973 1401 co-

1257 1419 1390 1468 piosam
1420 1419 1572 1454 inrulere
1600 1416 1735 1451 suarum
1766 1429 1891 1451 vocum
1922 1416 1972 1452 se-

1257 1480 1392 1519 getem.
1423 1470 1479 1505 Est
1507 1482 1588 1516 ergo
1617 1466 1847 1502 Germanicae
1881 1467 1973 1503 Lin-

1257 1534 1343 1569 guae
1371 1518 1704 1568 Faul,s1gnificans
1740 1518 1892 1551 bominem
1919 1518 1971 1551 ηἰ-

1257 1572 1339 1614 hili,
1369 1572 1519 1611 inertem,
1544 1580 1737 1611 corruptum,
1764 1569 1971 1614 languidum.

1256 1622 1501 1669 Metaphorice
1530 1619 1739 1667 appellarint
1769 1619 1847 1653 Itali
1878 1619 1970 1652 Folle

1256 1672 1435 1708 hominem
1479 1683 1661 1716 corruptae,
1697 1679 1754 1705 aut
1792 1670 1968 1715 languidae

1255 1724 1392 1763 mentis
1432 1722 1611 1758 hominem
1655 1719 1772 1755 cerebro
1808 1733 1969 1758 vacuum»

1256 1773 1309 1808 uti
1333 1772 1422 1808 infra
1449 1774 1540 1808 idern
1572 1772 1613 1806 de
1640 1774 1747 1804 Matto
1772 1769 1967 1807 adnotabo,

1255 1837 1358 1871 quam
1399 1836 1517 1858 vocem
1550 1821 1648 1857 vide.
1686 1819 1740 1854 Est
1780 1817 1818 1854 &
1851 1818 1969 1855 Galli-

1257 1888 1315 1910 cae
1343 1873 1502 1915 Linouae
1531 1872 1613 1913 Fal,
1642 1873 1731 1912 Fau,
1757 1868 1795 1905 ἃ
1823 1868 1968 1905 femini-

1257 1938 1340 1960 num
1370 1925 1481 1967 Folle,
1509 1922 1562 1959 uti
1594 1923 1626 1956 8(
1660 1919 1832 1968 Anglicae
1861 1920 1968 1954 Foul:

1258 1989 1345 2021 quae
1373 1974 1492 2009 omnia
1530 1971 1665 2008 credere
1702 1970 1751 2005 fas
1779 1969 1823 2004 est
1854 1969 1969 2014 profe-

1258 2026 1312 2062 &a
1341 2038 1358 2060 e
1386 2023 1597 2061 Germanico
1634 2021 1739 2056 Faul.
1780 2018 1966 2055 Hickesus

1259 2076 1380 2112 aufi’cor
1415 2075 1480 2114 est,
1509 2072 1693 2110 Cimbrice
1731 2083 1869 2118 quoque
1906 2070 1968 2104 Fal

1259 2126 1378 2162 sonare
1404 2127 1591 2163 Iracundus,
1618 2126 1766 2163 Fatuus
1792 2120 1965 2167 Infpiens,

1258 2179 1290 2213 8(
1316 2177 1447 2213 Foltska
1468 2175 1548 2219 [iani
1541 2174 1656 2208 ficare
1672 2171 1874 2206 stultitiam.
1899 2173 1966 2205 De-

1259 2227 1365 2274 nique
1402 2228 1438 2262 in
1467 2224 1641 2261 Gloffario
1678 2221 1874 2258 Boxhornii
1910 2219 1965 2254 in-

1258 2286 1312 2314 ter
1339 2277 1498 2313 Celticas
1526 2273 1768 2310 vetustissimas
1804 2282 1903 2305 voces
1930 2282 1966 2303 e-

1260 2338 1462 2364 numeratur
1490 2327 1597 2385 'qim’
1624 2324 1708 2361 idest
1743 2323 1886 2357 stultus.
1913 2320 1965 2353 G-

1259 2379 1322 2414 lim
1362 2379 1421 2414 sub
1450 2377 1592 2412 nomine
1627 2375 1806 2410 Celtarum
1846 2369 1965 2406 venie-

1259 2430 1343 2465 bant
1371 2429 1468 2464 Galli
1497 2438 1599 2473 arque
1626 2419 1810 2459 Germani.
1835 2420 1966 2463 johan-

1259 2493 1318 2515 nes
1343 2479 1519 2515 Dia-conus
1539 2478 1574 2511 in
1594 2474 1675 2506 Vita
1698 2470 1859 2528 Gregorii
1882 2472 1965 2508 Ma-

1259 2531 1320 2579 gni
1360 2532 1490 2578 Papae,
1513 2529 1603 2573 Cap.
1632 2523 1693 2570 96.
1722 2522 1792 2558 ait.
1821 2524 1875 2556 At
1911 2523 1967 2558 ille

1838 2587 1917 2610 mos?
