<?xml version="1.0" encoding="UTF-8"?>
<!DOCTYPE html PUBLIC "-//W3C//DTD XHTML 1.0 Transitional//EN"
    "http://www.w3.org/TR/xhtml1/DTD/xhtml1-transitional.dtd">
<html xmlns="http://www.w3.org/1999/xhtml" xml:lang="en" lang="en">
 <head>
  <title>
</title>
<meta http-equiv="Content-Type" content="text/html;charset=utf-8" />
  <meta name='ocr-system' content='tesseract 3.04.00' />
  <meta name='ocr-capabilities' content='ocr_page ocr_carea ocr_par ocr_line ocrx_word'/>
</head>
<body>
  <div class='ocr_page' id='page_1' title='image "antiquitatesital06mura_0129.png"; bbox 0 0 2169 3047; ppageno 0'>
   <div class='ocr_carea' id='block_1_1' title="bbox 151 220 910 305">
    <p class='ocr_par' dir='ltr' id='par_1_1' title="bbox 151 220 910 305">
     <span class='ocr_line' id='line_1_1' title="bbox 151 220 910 305; baseline -0.004 -7"><span class='ocrx_word' id='word_1_1' title='bbox 151 220 387 298; x_wconf 50' lang='lat' dir='ltr'>nistizffifflm</span> <span class='ocrx_word' id='word_1_2' title='bbox 428 258 538 293; x_wconf 83' lang='lat' dir='ltr'>Anno</span> <span class='ocrx_word' id='word_1_3' title='bbox 574 259 785 294; x_wconf 81' lang='lat' dir='ltr'><strong>MCCCVI.</strong></span> <span class='ocrx_word' id='word_1_4' title='bbox 812 259 910 305; x_wconf 86' lang='lat' dir='ltr'><strong>Quid</strong></span> 
     </span>
    </p>
   </div>
   <div class='ocr_carea' id='block_1_2' title="bbox 142 308 910 1370">
    <p class='ocr_par' dir='ltr' id='par_1_2' title="bbox 142 308 910 1370">
     <span class='ocr_line' id='line_1_2' title="bbox 151 308 910 353; baseline -0.004 -4"><span class='ocrx_word' id='word_1_5' title='bbox 151 313 202 349; x_wconf 87' lang='lat' dir='ltr'>rei</span> <span class='ocrx_word' id='word_1_6' title='bbox 231 312 296 347; x_wconf 88' lang='lat' dir='ltr'>hoc</span> <span class='ocrx_word' id='word_1_7' title='bbox 323 308 390 346; x_wconf 84' lang='lat' dir='ltr'>est?</span> <span class='ocrx_word' id='word_1_8' title='bbox 432 310 525 344; x_wconf 89' lang='lat' dir='ltr'>Cum</span> <span class='ocrx_word' id='word_1_9' title='bbox 567 308 632 343; x_wconf 87' lang='lat' dir='ltr'>hac</span> <span class='ocrx_word' id='word_1_10' title='bbox 673 308 746 353; x_wconf 85' lang='lat' dir='ltr'>ipsa</span> <span class='ocrx_word' id='word_1_11' title='bbox 774 308 910 346; x_wconf 86' lang='lat' dir='ltr'>Charta</span> 
     </span>
     <span class='ocr_line' id='line_1_3' title="bbox 154 360 910 407; baseline -0.003 -9"><span class='ocrx_word' id='word_1_12' title='bbox 154 362 322 398; x_wconf 85' lang='lat' dir='ltr'>consonat</span> <span class='ocrx_word' id='word_1_13' title='bbox 349 360 481 402; x_wconf 87' lang='lat' dir='ltr'>altera,</span> <span class='ocrx_word' id='word_1_14' title='bbox 522 366 627 406; x_wconf 89' lang='lat' dir='ltr'>quam</span> <span class='ocrx_word' id='word_1_15' title='bbox 665 372 776 407; x_wconf 89' lang='lat' dir='ltr'>nuper</span> <span class='ocrx_word' id='word_1_16' title='bbox 804 361 910 396; x_wconf 86' lang='lat' dir='ltr'>attuli</span> 
     </span>
     <span class='ocr_line' id='line_1_4' title="bbox 152 409 909 458; baseline -0.004 -9"><span class='ocrx_word' id='word_1_17' title='bbox 152 426 196 449; x_wconf 90' lang='lat' dir='ltr'>ex</span> <span class='ocrx_word' id='word_1_18' title='bbox 225 411 386 448; x_wconf 83' lang='lat' dir='ltr'>Archivo</span> <span class='ocrx_word' id='word_1_19' title='bbox 414 409 561 454; x_wconf 85' lang='lat' dir='ltr'>Estenfi,</span> <span class='ocrx_word' id='word_1_20' title='bbox 603 409 703 458; x_wconf 66' lang='lat' dir='ltr'>pasta</span> <span class='ocrx_word' id='word_1_21' title='bbox 741 410 909 446; x_wconf 85' lang='lat' dir='ltr'>exhibens</span> 
     </span>
     <span class='ocr_line' id='line_1_5' title="bbox 149 459 910 500; baseline -0.004 -1"><span class='ocrx_word' id='word_1_22' title='bbox 149 462 241 499; x_wconf 87' lang='lat' dir='ltr'>inita</span> <span class='ocrx_word' id='word_1_23' title='bbox 286 462 380 498; x_wconf 88' lang='lat' dir='ltr'>inter</span> <span class='ocrx_word' id='word_1_24' title='bbox 425 459 682 500; x_wconf 88' lang='lat' dir='ltr'>Bononienses‚</span> <span class='ocrx_word' id='word_1_25' title='bbox 725 459 764 497; x_wconf 77' lang='grc' dir='ltr'>ἅ,</span> <span class='ocrx_word' id='word_1_26' title='bbox 792 463 910 496; x_wconf 86' lang='lat' dir='ltr'>Ferra-</span> 
     </span>
     <span class='ocr_line' id='line_1_6' title="bbox 150 512 908 556; baseline -0.001 -8"><span class='ocrx_word' id='word_1_27' title='bbox 150 512 299 556; x_wconf 66' lang='lat' dir='ltr'>nenses,</span> <span class='ocrx_word' id='word_1_28' title='bbox 341 512 401 548; x_wconf 85' lang='lat' dir='ltr'>ubi</span> <span class='ocrx_word' id='word_1_29' title='bbox 422 521 687 551; x_wconf 73' lang='lat' dir='ltr'>&#39;enumerantur</span> <span class='ocrx_word' id='word_1_30' title='bbox 729 515 792 547; x_wconf 84' lang='lat' dir='ltr'>hae</span> <span class='ocrx_word' id='word_1_31' title='bbox 819 525 908 547; x_wconf 84' lang='lat' dir='ltr'>mer—</span> 
     </span>
     <span class='ocr_line' id='line_1_7' title="bbox 150 561 910 612; baseline -0.003 -13"><span class='ocrx_word' id='word_1_32' title='bbox 150 576 226 602; x_wconf 76' lang='lat' dir='ltr'>ces,</span> <span class='ocrx_word' id='word_1_33' title='bbox 254 563 292 600; x_wconf 72' lang='grc' dir='ltr'>ὃ(</span> <span class='ocrx_word' id='word_1_34' title='bbox 321 563 406 612; x_wconf 89' lang='lat' dir='ltr'>quid</span> <span class='ocrx_word' id='word_1_35' title='bbox 435 575 497 610; x_wconf 89' lang='lat' dir='ltr'>pro</span> <span class='ocrx_word' id='word_1_36' title='bbox 538 562 583 598; x_wconf 87' lang='lat' dir='ltr'>iis</span> <span class='ocrx_word' id='word_1_37' title='bbox 620 562 840 610; x_wconf 88' lang='lat' dir='ltr'>pendendum</span> <span class='ocrx_word' id='word_1_38' title='bbox 868 561 910 598; x_wconf 89' lang='lat' dir='ltr'>fit</span> 
     </span>
     <span class='ocr_line' id='line_1_8' title="bbox 150 613 909 661; baseline -0.004 -11"><span class='ocrx_word' id='word_1_39' title='bbox 150 614 334 659; x_wconf 53' lang='lat' dir='ltr'>vestigans</span> <span class='ocrx_word' id='word_1_40' title='bbox 352 638 362 653; x_wconf 95' lang='lat'>‚</span> <span class='ocrx_word' id='word_1_41' title='bbox 391 613 580 661; x_wconf 79' lang='lat' dir='ltr'>statuitur3</span> <span class='ocrx_word' id='word_1_42' title='bbox 619 613 755 649; x_wconf 86' lang='lat' dir='ltr'>scilicet</span> <span class='ocrx_word' id='word_1_43' title='bbox 780 617 820 648; x_wconf 83' lang='lat' dir='ltr'>de</span> <span class='ocrx_word' id='word_1_44' title='bbox 845 627 909 648; x_wconf 89' lang='lat' dir='ltr'>om·-</span> 
     </span>
     <span class='ocr_line' id='line_1_9' title="bbox 151 663 906 710; baseline -0.003 -11"><span class='ocrx_word' id='word_1_45' title='bbox 151 666 244 701; x_wconf 79' lang='lat' dir='ltr'>m&#39;bus</span> <span class='ocrx_word' id='word_1_46' title='bbox 270 665 380 709; x_wconf 82' lang='lat' dir='ltr'>drapis</span> <span class='ocrx_word' id='word_1_47' title='bbox 407 667 445 698; x_wconf 76' lang='lat' dir='ltr'>de</span> <span class='ocrx_word' id='word_1_48' title='bbox 471 663 638 707; x_wconf 80' lang='lat' dir='ltr'>batilicio,</span> <span class='ocrx_word' id='word_1_49' title='bbox 678 670 716 699; x_wconf 81' lang='lat' dir='ltr'>de</span> <span class='ocrx_word' id='word_1_50' title='bbox 742 665 825 698; x_wconf 81' lang='lat' dir='ltr'>lume</span> <span class='ocrx_word' id='word_1_51' title='bbox 850 676 906 710; x_wconf 58' lang='lat' dir='ltr'>zu-</span> 
     </span>
     <span class='ocr_line' id='line_1_10' title="bbox 147 713 909 762; baseline -0.001 -13"><span class='ocrx_word' id='word_1_52' title='bbox 147 715 277 754; x_wconf 76' lang='lat' dir='ltr'>carina,</span> <span class='ocrx_word' id='word_1_53' title='bbox 305 717 343 748; x_wconf 80' lang='lat' dir='ltr'>de</span> <span class='ocrx_word' id='word_1_54' title='bbox 365 727 471 762; x_wconf 82' lang='lat' dir='ltr'>grana</span> <span class='ocrx_word' id='word_1_55' title='bbox 496 717 535 747; x_wconf 85' lang='lat' dir='ltr'>de</span> <span class='ocrx_word' id='word_1_56' title='bbox 560 714 704 755; x_wconf 82' lang='lat' dir='ltr'>Brafile.</span> <span class='ocrx_word' id='word_1_57' title='bbox 747 716 801 748; x_wconf 83' lang='lat' dir='ltr'>En</span> <span class='ocrx_word' id='word_1_58' title='bbox 841 713 909 749; x_wconf 83' lang='lat' dir='ltr'>ite—</span> 
     </span>
     <span class='ocr_line' id='line_1_11' title="bbox 147 762 906 803; baseline -0.003 -3"><span class='ocrx_word' id='word_1_59' title='bbox 147 778 224 801; x_wconf 87' lang='lat' dir='ltr'>rum</span> <span class='ocrx_word' id='word_1_60' title='bbox 254 768 364 800; x_wconf 83' lang='lat' dir='ltr'>Grana</span> <span class='ocrx_word' id='word_1_61' title='bbox 390 769 428 800; x_wconf 82' lang='lat' dir='ltr'>de</span> <span class='ocrx_word' id='word_1_62' title='bbox 456 763 581 803; x_wconf 79' lang='lat' dir='ltr'>Brafile</span> <span class='ocrx_word' id='word_1_63' title='bbox 607 763 645 798; x_wconf 90' lang='lat' dir='ltr'>in</span> <span class='ocrx_word' id='word_1_64' title='bbox 673 762 810 799; x_wconf 88' lang='lat' dir='ltr'>Charta</span> <span class='ocrx_word' id='word_1_65' title='bbox 832 765 906 798; x_wconf 91' lang='lat' dir='ltr'>An—</span> 
     </span>
     <span class='ocr_line' id='line_1_12' title="bbox 145 813 908 862; baseline -0.003 -11"><span class='ocrx_word' id='word_1_66' title='bbox 145 828 193 851; x_wconf 87' lang='lat' dir='ltr'>no</span> <span class='ocrx_word' id='word_1_67' title='bbox 221 816 471 852; x_wconf 72' lang='lat' dir='ltr'>MCXCVIiI.</span> <span class='ocrx_word' id='word_1_68' title='bbox 501 813 652 861; x_wconf 87' lang='lat' dir='ltr'>scripta.</span> <span class='ocrx_word' id='word_1_69' title='bbox 691 813 808 861; x_wconf 88' lang='lat' dir='ltr'>Atqui</span> <span class='ocrx_word' id='word_1_70' title='bbox 838 814 908 862; x_wconf 89' lang='lat' dir='ltr'>post</span> 
     </span>
     <span class='ocr_line' id='line_1_13' title="bbox 147 863 908 902; baseline -0.001 -1"><span class='ocrx_word' id='word_1_71' title='bbox 147 867 296 902; x_wconf 88' lang='lat' dir='ltr'>Annum</span> <span class='ocrx_word' id='word_1_72' title='bbox 325 864 582 901; x_wconf 80' lang='lat' dir='ltr'>tantummodo·</span> <span class='ocrx_word' id='word_1_73' title='bbox 603 866 694 900; x_wconf 89' lang='lat' dir='ltr'>MD.</span> <span class='ocrx_word' id='word_1_74' title='bbox 723 863 908 900; x_wconf 83' lang='lat' dir='ltr'>vastiffirna</span> 
     </span>
     <span class='ocr_line' id='line_1_14' title="bbox 147 914 903 972; baseline -0.004 -20"><span class='ocrx_word' id='word_1_75' title='bbox 147 919 268 964; x_wconf 87' lang='lat' dir='ltr'>Regna</span> <span class='ocrx_word' id='word_1_76' title='bbox 295 916 431 957; x_wconf 66' lang='lat' dir='ltr'>Brafilis</span> <span class='ocrx_word' id='word_1_77' title='bbox 460 916 582 963; x_wconf 83' lang='lat' dir='ltr'>ignota</span> <span class='ocrx_word' id='word_1_78' title='bbox 610 926 735 959; x_wconf 71' lang='lat' dir='ltr'>antea,</span> <span class='ocrx_word' id='word_1_79' title='bbox 761 928 780 956; x_wconf 87' lang='lat' dir='ltr'>a</span> <span class='ocrx_word' id='word_1_80' title='bbox 808 914 903 972; x_wconf 80' lang='lat' dir='ltr'>Lusi-</span> 
     </span>
     <span class='ocr_line' id='line_1_15' title="bbox 147 966 902 1013; baseline -0.001 -11"><span class='ocrx_word' id='word_1_81' title='bbox 147 967 240 1003; x_wconf 82' lang='lat' dir='ltr'>tanis</span> <span class='ocrx_word' id='word_1_82' title='bbox 270 967 419 1013; x_wconf 84' lang='lat' dir='ltr'>primum</span> <span class='ocrx_word' id='word_1_83' title='bbox 437 976 515 1006; x_wconf 73' lang='lat' dir='ltr'>,ac</span> <span class='ocrx_word' id='word_1_84' title='bbox 541 966 666 1002; x_wconf 88' lang='lat' dir='ltr'>deinde</span> <span class='ocrx_word' id='word_1_85' title='bbox 694 967 736 1002; x_wconf 89' lang='lat' dir='ltr'>ab</span> <span class='ocrx_word' id='word_1_86' title='bbox 764 968 902 1004; x_wconf 79' lang='lat' dir='ltr'>Ameri-</span> 
     </span>
     <span class='ocr_line' id='line_1_16' title="bbox 147 1016 907 1068; baseline -0.003 -16"><span class='ocrx_word' id='word_1_87' title='bbox 147 1030 190 1053; x_wconf 88' lang='lat' dir='ltr'>co</span> <span class='ocrx_word' id='word_1_88' title='bbox 227 1016 421 1062; x_wconf 83' lang='lat' dir='ltr'>Vespuccio</span> <span class='ocrx_word' id='word_1_89' title='bbox 464 1017 556 1051; x_wconf 87' lang='lat' dir='ltr'>Italo</span> <span class='ocrx_word' id='word_1_90' title='bbox 598 1016 744 1068; x_wconf 83' lang='lat' dir='ltr'>homine</span> <span class='ocrx_word' id='word_1_91' title='bbox 785 1017 907 1065; x_wconf 88' lang='lat' dir='ltr'>procul</span> 
     </span>
     <span class='ocr_line' id='line_1_17' title="bbox 147 1066 908 1125; baseline 0 -23"><span class='ocrx_word' id='word_1_92' title='bbox 147 1068 257 1103; x_wconf 88' lang='lat' dir='ltr'>dubio</span> <span class='ocrx_word' id='word_1_93' title='bbox 287 1068 379 1103; x_wconf 88' lang='lat' dir='ltr'>fuere</span> <span class='ocrx_word' id='word_1_94' title='bbox 406 1066 562 1103; x_wconf 56' lang='lat' dir='ltr'>detefih.</span> <span class='ocrx_word' id='word_1_95' title='bbox 599 1066 697 1112; x_wconf 82' lang='lat' dir='ltr'>Quid</span> <span class='ocrx_word' id='word_1_96' title='bbox 725 1066 770 1102; x_wconf 84' lang='lat' dir='ltr'>est</span> <span class='ocrx_word' id='word_1_97' title='bbox 798 1079 908 1125; x_wconf 43' lang='lat' dir='ltr'>ergo,-</span> 
     </span>
     <span class='ocr_line' id='line_1_18' title="bbox 144 1117 906 1165; baseline -0.001 -12"><span class='ocrx_word' id='word_1_98' title='bbox 144 1118 237 1165; x_wconf 82' lang='lat' dir='ltr'>quod</span> <span class='ocrx_word' id='word_1_99' title='bbox 278 1117 414 1158; x_wconf 83' lang='lat' dir='ltr'>Brafilis</span> <span class='ocrx_word' id='word_1_100' title='bbox 450 1130 606 1158; x_wconf 82' lang='lat' dir='ltr'>nornen,</span> <span class='ocrx_word' id='word_1_101' title='bbox 648 1117 714 1153; x_wconf 92' lang='lat' dir='ltr'>hoc</span> <span class='ocrx_word' id='word_1_102' title='bbox 751 1117 796 1153; x_wconf 86' lang='lat' dir='ltr'>est</span> <span class='ocrx_word' id='word_1_103' title='bbox 823 1119 906 1163; x_wconf 79' lang='lat' dir='ltr'>ltgm</span> 
     </span>
     <span class='ocr_line' id='line_1_19' title="bbox 143 1167 905 1216; baseline 0.001 -13"><span class='ocrx_word' id='word_1_104' title='bbox 143 1168 346 1211; x_wconf 59' lang='lat' dir='ltr'>Bromium,</span> <span class='ocrx_word' id='word_1_105' title='bbox 375 1182 446 1216; x_wconf 90' lang='lat' dir='ltr'>quo</span> <span class='ocrx_word' id='word_1_106' title='bbox 474 1167 682 1213; x_wconf 61' lang='lat' dir='ltr'>infee’cores,</span> <span class='ocrx_word' id='word_1_107' title='bbox 720 1167 788 1204; x_wconf 88' lang='lat' dir='ltr'>five</span> <span class='ocrx_word' id='word_1_108' title='bbox 816 1170 905 1204; x_wconf 85' lang='lat' dir='ltr'>Tin-</span> 
     </span>
     <span class='ocr_line' id='line_1_20' title="bbox 142 1218 906 1269; baseline 0.001 -15"><span class='ocrx_word' id='word_1_109' title='bbox 142 1218 256 1255; x_wconf 66' lang='lat' dir='ltr'>&amp;ores</span> <span class='ocrx_word' id='word_1_110' title='bbox 286 1228 432 1255; x_wconf 81' lang='lat' dir='ltr'>utuntur</span> <span class='ocrx_word' id='word_1_111' title='bbox 472 1219 514 1255; x_wconf 89' lang='lat' dir='ltr'>ad</span> <span class='ocrx_word' id='word_1_112' title='bbox 553 1232 684 1267; x_wconf 88' lang='lat' dir='ltr'>pannos</span> <span class='ocrx_word' id='word_1_113' title='bbox 720 1220 906 1269; x_wconf 88' lang='lat' dir='ltr'>tingendos</span> 
     </span>
     <span class='ocr_line' id='line_1_21' title="bbox 144 1269 906 1320; baseline 0.001 -15"><span class='ocrx_word' id='word_1_114' title='bbox 144 1269 158 1317; x_wconf 87' lang='lat'>(</span> <span class='ocrx_word' id='word_1_115' title='bbox 178 1283 240 1305; x_wconf 89' lang='lat' dir='ltr'>nos</span> <span class='ocrx_word' id='word_1_116' title='bbox 271 1271 404 1316; x_wconf 60' lang='lat' dir='ltr'>Verzino</span> <span class='ocrx_word' id='word_1_117' title='bbox 431 1283 523 1309; x_wconf 86' lang='lat' dir='ltr'>nunc</span> <span class='ocrx_word' id='word_1_118' title='bbox 546 1279 727 1310; x_wconf 19' lang='lat' dir='ltr'>*vocamus</span> <span class='ocrx_word' id='word_1_119' title='bbox 746 1272 783 1320; x_wconf 79' lang='lat'>),</span> <span class='ocrx_word' id='word_1_120' title='bbox 821 1271 906 1319; x_wconf 90' lang='lat' dir='ltr'>quid</span> 
     </span>
     <span class='ocr_line' id='line_1_22' title="bbox 144 1320 907 1370; baseline 0.001 -14"><span class='ocrx_word' id='word_1_121' title='bbox 144 1320 189 1356; x_wconf 89' lang='lat' dir='ltr'>est</span> <span class='ocrx_word' id='word_1_122' title='bbox 240 1320 413 1368; x_wconf 61' lang='lat' dir='ltr'>inquam3</span> <span class='ocrx_word' id='word_1_123' title='bbox 458 1322 551 1369; x_wconf 88' lang='lat' dir='ltr'>quod</span> <span class='ocrx_word' id='word_1_124' title='bbox 596 1322 651 1357; x_wconf 88' lang='lat' dir='ltr'>vel</span> <span class='ocrx_word' id='word_1_125' title='bbox 679 1321 754 1370; x_wconf 80' lang='lat' dir='ltr'>ipso</span> <span class='ocrx_word' id='word_1_126' title='bbox 782 1323 907 1358; x_wconf 88' lang='lat' dir='ltr'>Seculo</span> 
     </span>
    </p>
   </div>
   <div class='ocr_carea' id='block_1_3' title="bbox 145 1371 934 1421">
    <p class='ocr_par' dir='ltr' id='par_1_3' title="bbox 145 1371 934 1421">
     <span class='ocr_line' id='line_1_23' title="bbox 145 1371 934 1421; baseline 0.005 -15"><span class='ocrx_word' id='word_1_127' title='bbox 145 1373 227 1407; x_wconf 83' lang='lat' dir='ltr'>XII.</span> <span class='ocrx_word' id='word_1_128' title='bbox 257 1371 323 1407; x_wconf 88' lang='lat' dir='ltr'>hoc</span> <span class='ocrx_word' id='word_1_129' title='bbox 352 1371 397 1406; x_wconf 90' lang='lat' dir='ltr'>est</span> <span class='ocrx_word' id='word_1_130' title='bbox 424 1381 525 1407; x_wconf 82' lang='lat' dir='ltr'>tanto</span> <span class='ocrx_word' id='word_1_131' title='bbox 562 1381 662 1408; x_wconf 84' lang='lat' dir='ltr'>antea</span> <span class='ocrx_word' id='word_1_132' title='bbox 700 1373 840 1421; x_wconf 82' lang='lat' dir='ltr'>lignum</span> <span class='ocrx_word' id='word_1_133' title='bbox 868 1371 906 1410; x_wconf 90' lang='lat'>&amp;</span> <span class='ocrx_word' id='word_1_134' title='bbox 932 1377 934 1379; x_wconf 67' lang='grc'><strong><em>’</em></strong></span> 
     </span>
    </p>
   </div>
   <div class='ocr_carea' id='block_1_4' title="bbox 142 1422 908 1822">
    <p class='ocr_par' dir='ltr' id='par_1_4' title="bbox 142 1422 908 1822">
     <span class='ocr_line' id='line_1_24' title="bbox 144 1422 908 1459; baseline 0.004 -3"><span class='ocrx_word' id='word_1_135' title='bbox 144 1434 275 1456; x_wconf 83' lang='lat' dir='ltr'>nomen</span> <span class='ocrx_word' id='word_1_136' title='bbox 305 1432 429 1455; x_wconf 89' lang='lat' dir='ltr'>notum</span> <span class='ocrx_word' id='word_1_137' title='bbox 459 1424 558 1456; x_wconf 81' lang='lat' dir='ltr'>Italis</span> <span class='ocrx_word' id='word_1_138' title='bbox 577 1422 678 1456; x_wconf 69' lang='lat' dir='ltr'>fuit?</span> <span class='ocrx_word' id='word_1_139' title='bbox 709 1425 773 1458; x_wconf 83' lang='lat' dir='ltr'>Nil</span> <span class='ocrx_word' id='word_1_140' title='bbox 802 1424 908 1459; x_wconf 85' lang='lat' dir='ltr'>habet</span> 
     </span>
     <span class='ocr_line' id='line_1_25' title="bbox 144 1469 908 1513; baseline 0.003 -8"><span class='ocrx_word' id='word_1_141' title='bbox 144 1470 186 1506; x_wconf 88' lang='lat' dir='ltr'>de</span> <span class='ocrx_word' id='word_1_142' title='bbox 216 1482 301 1505; x_wconf 89' lang='lat' dir='ltr'>voce</span> <span class='ocrx_word' id='word_1_143' title='bbox 342 1470 405 1505; x_wconf 88' lang='lat' dir='ltr'>hac</span> <span class='ocrx_word' id='word_1_144' title='bbox 447 1469 698 1508; x_wconf 72' lang='lat' dir='ltr'>eruditsffirnus</span> <span class='ocrx_word' id='word_1_145' title='bbox 737 1474 908 1513; x_wconf 79' lang='lat' dir='ltr'>Du-Can—</span> 
     </span>
     <span class='ocr_line' id='line_1_26' title="bbox 146 1520 907 1569; baseline 0.004 -14"><span class='ocrx_word' id='word_1_146' title='bbox 146 1520 248 1569; x_wconf 82' lang='lat' dir='ltr'>gius,</span> <span class='ocrx_word' id='word_1_147' title='bbox 277 1520 329 1556; x_wconf 88' lang='lat' dir='ltr'>uti</span> <span class='ocrx_word' id='word_1_148' title='bbox 359 1520 410 1556; x_wconf 88' lang='lat' dir='ltr'>nil</span> <span class='ocrx_word' id='word_1_149' title='bbox 438 1521 480 1556; x_wconf 92' lang='lat' dir='ltr'>de</span> <span class='ocrx_word' id='word_1_150' title='bbox 519 1524 655 1556; x_wconf 80' lang='lat' dir='ltr'>Grana:</span> <span class='ocrx_word' id='word_1_151' title='bbox 694 1535 766 1569; x_wconf 88' lang='lat' dir='ltr'>quo</span> <span class='ocrx_word' id='word_1_152' title='bbox 804 1536 907 1558; x_wconf 88' lang='lat' dir='ltr'>voca—</span> 
     </span>
     <span class='ocr_line' id='line_1_27' title="bbox 146 1569 907 1621; baseline 0.005 -15"><span class='ocrx_word' id='word_1_153' title='bbox 146 1572 230 1607; x_wconf 86' lang='lat' dir='ltr'>bulo</span> <span class='ocrx_word' id='word_1_154' title='bbox 261 1572 414 1621; x_wconf 86' lang='lat' dir='ltr'>Majores</span> <span class='ocrx_word' id='word_1_155' title='bbox 439 1569 546 1607; x_wconf 69' lang='lat' dir='ltr'>&#39;nostri</span> <span class='ocrx_word' id='word_1_156' title='bbox 577 1571 816 1620; x_wconf 83' lang='lat' dir='ltr'>significarunt</span> <span class='ocrx_word' id='word_1_157' title='bbox 835 1601 845 1618; x_wconf 90' lang='lat'>‚</span> <span class='ocrx_word' id='word_1_158' title='bbox 872 1575 907 1609; x_wconf 86' lang='lat'>&amp;</span> 
     </span>
     <span class='ocr_line' id='line_1_28' title="bbox 143 1622 907 1670; baseline 0 -11"><span class='ocrx_word' id='word_1_159' title='bbox 143 1635 208 1659; x_wconf 81' lang='lat' dir='ltr'>nos</span> <span class='ocrx_word' id='word_1_160' title='bbox 237 1636 377 1670; x_wconf 86' lang='lat' dir='ltr'>quoque</span> <span class='ocrx_word' id='word_1_161' title='bbox 405 1622 642 1669; x_wconf 76' lang='lat' dir='ltr'>intelligimus</span> <span class='ocrx_word' id='word_1_162' title='bbox 670 1627 797 1658; x_wconf 85' lang='lat' dir='ltr'>Coccum</span> <span class='ocrx_word' id='word_1_163' title='bbox 827 1625 907 1668; x_wconf 80' lang='lat' dir='ltr'>inse-</span> 
     </span>
     <span class='ocr_line' id='line_1_29' title="bbox 145 1671 908 1722; baseline 0.004 -15"><span class='ocrx_word' id='word_1_164' title='bbox 145 1671 298 1712; x_wconf 59' lang='lat' dir='ltr'>dorium,</span> <span class='ocrx_word' id='word_1_165' title='bbox 356 1673 424 1708; x_wconf 88' lang='lat' dir='ltr'>five</span> <span class='ocrx_word' id='word_1_166' title='bbox 474 1687 620 1722; x_wconf 86' lang='lat' dir='ltr'>granum</span> <span class='ocrx_word' id='word_1_167' title='bbox 669 1674 879 1710; x_wconf 64' lang='lat' dir='ltr'>tinfiiorium</span> <span class='ocrx_word' id='word_1_168' title='bbox 897 1702 908 1718; x_wconf 91' lang='lat'>,</span> 
     </span>
     <span class='ocr_line' id='line_1_30' title="bbox 143 1723 907 1770; baseline 0.005 -14"><span class='ocrx_word' id='word_1_169' title='bbox 143 1725 255 1757; x_wconf 84' lang='lat' dir='ltr'>Grana</span> <span class='ocrx_word' id='word_1_170' title='bbox 281 1725 319 1756; x_wconf 84' lang='lat' dir='ltr'>de</span> <span class='ocrx_word' id='word_1_171' title='bbox 340 1725 494 1762; x_wconf 75' lang='lat' dir='ltr'>Tintori,</span> <span class='ocrx_word' id='word_1_172' title='bbox 537 1736 607 1770; x_wconf 83' lang='lat' dir='ltr'>quo</span> <span class='ocrx_word' id='word_1_173' title='bbox 635 1723 761 1758; x_wconf 85' lang='lat' dir='ltr'>sericea</span> <span class='ocrx_word' id='word_1_174' title='bbox 791 1738 829 1759; x_wconf 89' lang='lat' dir='ltr'>ac</span> <span class='ocrx_word' id='word_1_175' title='bbox 857 1726 907 1769; x_wconf 88' lang='lat' dir='ltr'>la-</span> 
     </span>
     <span class='ocr_line' id='line_1_31' title="bbox 142 1763 907 1822; baseline 0.001 -14"><span class='ocrx_word' id='word_1_176' title='bbox 142 1785 206 1808; x_wconf 90' lang='lat' dir='ltr'>nea</span> <span class='ocrx_word' id='word_1_177' title='bbox 235 1763 377 1808; x_wconf 57' lang='lat' dir='ltr'>staniina</span> <span class='ocrx_word' id='word_1_178' title='bbox 415 1772 645 1809; x_wconf 69' lang='lat' dir='ltr'>inficiuntur:</span> <span class='ocrx_word' id='word_1_179' title='bbox 696 1774 770 1822; x_wconf 72' lang='lat' dir='ltr'>ejus</span> <span class='ocrx_word' id='word_1_180' title='bbox 811 1772 907 1809; x_wconf 87' lang='lat' dir='ltr'>enim</span> 
     </span>
    </p>
   </div>
   <div class='ocr_carea' id='block_1_5' title="bbox 148 1820 951 1873">
    <p class='ocr_par' dir='ltr' id='par_1_5' title="bbox 148 1820 951 1873">
     <span class='ocr_line' id='line_1_32' title="bbox 148 1820 951 1873; baseline 0.001 -14"><span class='ocrx_word' id='word_1_181' title='bbox 148 1820 272 1872; x_wconf 53' lang='lat' dir='ltr'>baccv</span> <span class='ocrx_word' id='word_1_182' title='bbox 299 1823 368 1860; x_wconf 81' lang='lat' dir='ltr'>five</span> <span class='ocrx_word' id='word_1_183' title='bbox 396 1837 523 1873; x_wconf 84' lang='lat' dir='ltr'>grana,</span> <span class='ocrx_word' id='word_1_184' title='bbox 561 1824 657 1859; x_wconf 87' lang='lat' dir='ltr'>intus</span> <span class='ocrx_word' id='word_1_185' title='bbox 686 1822 803 1871; x_wconf 69' lang='lat' dir='ltr'>parvi‘s&#39;</span> <span class='ocrx_word' id='word_1_186' title='bbox 831 1838 951 1863; x_wconf 42' lang='lat' dir='ltr'>ver-2*</span> 
     </span>
    </p>
   </div>
   <div class='ocr_carea' id='block_1_6' title="bbox 138 1871 910 2579">
    <p class='ocr_par' dir='ltr' id='par_1_6' title="bbox 138 1871 910 2579">
     <span class='ocr_line' id='line_1_33' title="bbox 148 1871 907 1924; baseline 0.004 -16"><span class='ocrx_word' id='word_1_187' title='bbox 148 1871 291 1907; x_wconf 68' lang='lat' dir='ltr'>miculis</span> <span class='ocrx_word' id='word_1_188' title='bbox 320 1875 489 1911; x_wconf 82' lang='lat' dir='ltr'>scatentia</span> <span class='ocrx_word' id='word_1_189' title='bbox 516 1889 559 1910; x_wconf 87' lang='lat' dir='ltr'>ex</span> <span class='ocrx_word' id='word_1_190' title='bbox 582 1874 764 1910; x_wconf 86' lang='lat' dir='ltr'>arbusculo</span> <span class='ocrx_word' id='word_1_191' title='bbox 785 1876 907 1924; x_wconf 81' lang='lat' dir='ltr'>legun-</span> 
     </span>
     <span class='ocr_line' id='line_1_34' title="bbox 146 1922 908 1975; baseline 0.007 -17"><span class='ocrx_word' id='word_1_192' title='bbox 146 1929 224 1957; x_wconf 57' lang='lat' dir='ltr'>tur-¹</span> <span class='ocrx_word' id='word_1_193' title='bbox 264 1922 449 1971; x_wconf 68' lang='lat' dir='ltr'>Optimum,</span> <span class='ocrx_word' id='word_1_194' title='bbox 490 1927 612 1975; x_wconf 88' lang='lat' dir='ltr'>inquit</span> <span class='ocrx_word' id='word_1_195' title='bbox 655 1925 908 1970; x_wconf 79' lang='lat' dir='ltr'>Dioscondes,</span> 
     </span>
     <span class='ocr_line' id='line_1_35' title="bbox 140 1974 908 2023; baseline 0.007 -16"><span class='ocrx_word' id='word_1_196' title='bbox 140 1974 290 2023; x_wconf 68' lang='lat' dir='ltr'>gignitur</span> <span class='ocrx_word' id='word_1_197' title='bbox 318 1974 352 2007; x_wconf 82' lang='lat' dir='ltr'>in</span> <span class='ocrx_word' id='word_1_198' title='bbox 379 1976 512 2012; x_wconf 66' lang='lat' dir='ltr'>Galatia</span> <span class='ocrx_word' id='word_1_199' title='bbox 540 1987 585 2015; x_wconf 62' lang='grc' dir='ltr'>(φ</span> <span class='ocrx_word' id='word_1_200' title='bbox 606 1979 790 2020; x_wconf 79' lang='lat' dir='ltr'>Armenia,</span> <span class='ocrx_word' id='word_1_201' title='bbox 816 1978 908 2012; x_wconf 82' lang='lat' dir='ltr'>dein-</span> 
     </span>
     <span class='ocr_line' id='line_1_36' title="bbox 147 2023 906 2063; baseline 0.009 -7"><span class='ocrx_word' id='word_1_202' title='bbox 147 2023 186 2057; x_wconf 81' lang='lat' dir='ltr'>de</span> <span class='ocrx_word' id='word_1_203' title='bbox 212 2023 296 2063; x_wconf 73' lang='lat' dir='ltr'>Alia</span> <span class='ocrx_word' id='word_1_204' title='bbox 323 2023 368 2062; x_wconf 62' lang='grc' dir='ltr'>εἴς’</span> <span class='ocrx_word' id='word_1_205' title='bbox 396 2025 537 2060; x_wconf 75' lang='lat' dir='ltr'>Cilicia:</span> <span class='ocrx_word' id='word_1_206' title='bbox 573 2029 718 2063; x_wconf 70' lang='lat' dir='ltr'>ultimum</span> <span class='ocrx_word' id='word_1_207' title='bbox 745 2042 782 2063; x_wconf 78' lang='lat' dir='ltr'>ex</span> <span class='ocrx_word' id='word_1_208' title='bbox 807 2030 906 2063; x_wconf 79' lang='lat' dir='ltr'>omni-</span> 
     </span>
     <span class='ocr_line' id='line_1_37' title="bbox 138 2074 908 2123; baseline 0.01 -15"><span class='ocrx_word' id='word_1_209' title='bbox 138 2075 206 2108; x_wconf 25' lang='lat' dir='ltr'>*bus</span> <span class='ocrx_word' id='word_1_210' title='bbox 235 2074 459 2118; x_wconf 78' lang='lat' dir='ltr'><em>Hispanicum.</em></span> <span class='ocrx_word' id='word_1_211' title='bbox 499 2075 590 2123; x_wconf 87' lang='lat' dir='ltr'>Vide</span> <span class='ocrx_word' id='word_1_212' title='bbox 607 2077 675 2114; x_wconf 50' lang='lat' dir='ltr'>‘&#39;in</span> <span class='ocrx_word' id='word_1_213' title='bbox 693 2080 776 2115; x_wconf 83' lang='lat' dir='ltr'>haec</span> <span class='ocrx_word' id='word_1_214' title='bbox 806 2080 908 2116; x_wconf 84' lang='lat' dir='ltr'>verba</span> 
     </span>
     <span class='ocr_line' id='line_1_38' title="bbox 149 2125 907 2171; baseline 0.012 -14"><span class='ocrx_word' id='word_1_215' title='bbox 149 2125 443 2162; x_wconf 86' lang='lat' dir='ltr'>commentarium</span> <span class='ocrx_word' id='word_1_216' title='bbox 474 2128 689 2171; x_wconf 78' lang='lat' dir='ltr'>Matthioli‚</span> <span class='ocrx_word' id='word_1_217' title='bbox 716 2129 754 2166; x_wconf 88' lang='lat'>&amp;</span> <span class='ocrx_word' id='word_1_218' title='bbox 777 2131 907 2166; x_wconf 85' lang='lat' dir='ltr'>Salma-</span> 
     </span>
     <span class='ocr_line' id='line_1_39' title="bbox 149 2173 908 2218; baseline 0.012 -9"><span class='ocrx_word' id='word_1_219' title='bbox 149 2173 236 2210; x_wconf 86' lang='lat' dir='ltr'>fium</span> <span class='ocrx_word' id='word_1_220' title='bbox 283 2175 318 2210; x_wconf 90' lang='lat' dir='ltr'>in</span> <span class='ocrx_word' id='word_1_221' title='bbox 365 2177 537 2213; x_wconf 85' lang='lat' dir='ltr'>Plinianis</span> <span class='ocrx_word' id='word_1_222' title='bbox 581 2180 908 2218; x_wconf 76' lang='lat' dir='ltr'>Exercitationibus</span> 
     </span>
     <span class='ocr_line' id='line_1_40' title="bbox 140 2229 901 2278; baseline 0.012 -19"><span class='ocrx_word' id='word_1_223' title='bbox 140 2238 227 2273; x_wconf 76' lang='lat' dir='ltr'>pag.</span> <span class='ocrx_word' id='word_1_224' title='bbox 257 2237 337 2273; x_wconf 66' lang='lat'>192:</span> <span class='ocrx_word' id='word_1_225' title='bbox 368 2239 450 2274; x_wconf 84' lang='lat'><em>213.</em></span> <span class='ocrx_word' id='word_1_226' title='bbox 478 2229 511 2263; x_wconf 71' lang='grc' dir='ltr'>δι</span> <span class='ocrx_word' id='word_1_227' title='bbox 529 2230 641 2278; x_wconf 81' lang='lat' dir='ltr'>alibi:</span> <span class='ocrx_word' id='word_1_228' title='bbox 672 2234 815 2267; x_wconf 77' lang='lat' dir='ltr'><em>Granum</em></span> <span class='ocrx_word' id='word_1_229' title='bbox 834 2236 901 2268; x_wconf 85' lang='lat' dir='ltr'><em>Coc-</em></span> 
     </span>
     <span class='ocr_line' id='line_1_41' title="bbox 150 2275 906 2319; baseline 0.013 -10"><span class='ocrx_word' id='word_1_230' title='bbox 150 2275 180 2309; x_wconf 78' lang='lat' dir='ltr'>ci</span> <span class='ocrx_word' id='word_1_231' title='bbox 209 2276 328 2312; x_wconf 81' lang='lat' dir='ltr'>Plinio</span> <span class='ocrx_word' id='word_1_232' title='bbox 357 2290 596 2316; x_wconf 85' lang='lat' dir='ltr'>memoratur:</span> <span class='ocrx_word' id='word_1_233' title='bbox 628 2281 711 2317; x_wconf 86' lang='lat' dir='ltr'>hinc</span> <span class='ocrx_word' id='word_1_234' title='bbox 741 2283 906 2319; x_wconf 85' lang='lat' dir='ltr'>Italicum</span> 
     </span>
     <span class='ocr_line' id='line_1_42' title="bbox 151 2328 906 2375; baseline 0.013 -15"><span class='ocrx_word' id='word_1_235' title='bbox 151 2328 285 2361; x_wconf 73' lang='lat' dir='ltr'>Graena.</span> <span class='ocrx_word' id='word_1_236' title='bbox 314 2330 458 2364; x_wconf 84' lang='lat' dir='ltr'>Veteres</span> <span class='ocrx_word' id='word_1_237' title='bbox 485 2343 528 2366; x_wconf 85' lang='lat' dir='ltr'>ex</span> <span class='ocrx_word' id='word_1_238' title='bbox 557 2331 637 2367; x_wconf 86' lang='lat' dir='ltr'>aliis</span> <span class='ocrx_word' id='word_1_239' title='bbox 663 2332 768 2368; x_wconf 85' lang='lat' dir='ltr'>etiarn</span> <span class='ocrx_word' id='word_1_240' title='bbox 798 2336 906 2375; x_wconf 84' lang='lat' dir='ltr'>locis,</span> 
     </span>
     <span class='ocr_line' id='line_1_43' title="bbox 152 2379 908 2424; baseline 0.016 -14"><span class='ocrx_word' id='word_1_241' title='bbox 152 2386 276 2424; x_wconf 86' lang='lat' dir='ltr'>utpote</span> <span class='ocrx_word' id='word_1_242' title='bbox 302 2392 344 2413; x_wconf 89' lang='lat' dir='ltr'>ex</span> <span class='ocrx_word' id='word_1_243' title='bbox 374 2379 523 2420; x_wconf 79' lang='lat' dir='ltr'>Africa,</span> <span class='ocrx_word' id='word_1_244' title='bbox 551 2381 754 2423; x_wconf 83' lang='lat' dir='ltr'>Lufitania,</span> <span class='ocrx_word' id='word_1_245' title='bbox 799 2385 908 2422; x_wconf 88' lang='lat' dir='ltr'>Phoe-</span> 
     </span>
     <span class='ocr_line' id='line_1_44' title="bbox 146 2426 906 2471; baseline 0.013 -10"><span class='ocrx_word' id='word_1_246' title='bbox 146 2427 249 2462; x_wconf 64' lang='lat' dir='ltr'>&gt;nicia</span> <span class='ocrx_word' id='word_1_247' title='bbox 285 2426 356 2465; x_wconf 61' lang='lat' dir='ltr'>&amp;m</span> <span class='ocrx_word' id='word_1_248' title='bbox 393 2434 520 2466; x_wconf 85' lang='lat' dir='ltr'>Coccum</span> <span class='ocrx_word' id='word_1_249' title='bbox 560 2432 687 2469; x_wconf 80' lang='lat' dir='ltr'>adferri</span> <span class='ocrx_word' id='word_1_250' title='bbox 709 2434 906 2471; x_wconf 85' lang='lat' dir='ltr'>·scribunt:</span> 
     </span>
     <span class='ocr_line' id='line_1_45' title="bbox 138 2480 909 2522; baseline 0.012 -9"><span class='ocrx_word' id='word_1_251' title='bbox 138 2485 190 2513; x_wconf 78' lang='lat' dir='ltr'>-at</span> <span class='ocrx_word' id='word_1_252' title='bbox 228 2490 332 2516; x_wconf 82' lang='lat' dir='ltr'>nemo</span> <span class='ocrx_word' id='word_1_253' title='bbox 367 2480 503 2522; x_wconf 73' lang='lat' dir='ltr'>Brasilis</span> <span class='ocrx_word' id='word_1_254' title='bbox 543 2496 672 2520; x_wconf 88' lang='lat' dir='ltr'>nomen</span> <span class='ocrx_word' id='word_1_255' title='bbox 710 2485 909 2522; x_wconf 84' lang='lat' dir='ltr'>interserit.</span> 
     </span>
     <span class='ocr_line' id='line_1_46' title="bbox 156 2526 910 2579; baseline 0.016 -16"><span class='ocrx_word' id='word_1_256' title='bbox 156 2526 340 2574; x_wconf 64' lang='lat' dir='ltr'>Thevetus</span> <span class='ocrx_word' id='word_1_257' title='bbox 375 2530 416 2571; x_wconf 79' lang='lat' dir='ltr'>in</span> <span class='ocrx_word' id='word_1_258' title='bbox 449 2534 618 2573; x_wconf 81' lang='lat' dir='ltr'>America</span> <span class='ocrx_word' id='word_1_259' title='bbox 652 2536 910 2579; x_wconf 75' lang='lat' dir='ltr'>meridionali,</span> 
     </span>
    </p>
   </div>
   <div class='ocr_carea' id='block_1_7' title="bbox 514 197 1424 246">
    <p class='ocr_par' dir='ltr' id='par_1_7' title="bbox 514 197 1424 246">
     <span class='ocr_line' id='line_1_47' title="bbox 514 197 1424 246; baseline 0.007 -5"><span class='ocrx_word' id='word_1_260' title='bbox 514 197 973 246; x_wconf 78' lang='lat' dir='ltr'><em>DISSERTATIO</em></span> <span class='ocrx_word' id='word_1_261' title='bbox 1022 199 1424 246; x_wconf 61' lang='lat' dir='ltr'><strong><em>TRIGEJSMJL</em></strong></span> 
     </span>
    </p>
   </div>
   <div class='ocr_carea' id='block_1_8' title="bbox 951 268 983 303">
    <p class='ocr_par' dir='ltr' id='par_1_8' title="bbox 951 268 983 303">
     <span class='ocr_line' id='line_1_48' title="bbox 951 268 983 303; baseline 0 0"><span class='ocrx_word' id='word_1_262' title='bbox 951 268 983 303; x_wconf 89' lang='lat' dir='ltr'>A</span> 
     </span>
    </p>
   </div>
   <div class='ocr_carea' id='block_1_9' title="bbox 1017 228 1782 1418">
    <p class='ocr_par' dir='ltr' id='par_1_9' title="bbox 1638 228 1720 267">
     <span class='ocr_line' id='line_1_49' title="bbox 1638 228 1720 267; baseline 0.024 -14"><span class='ocrx_word' id='word_1_263' title='bbox 1638 228 1720 267; x_wconf 73' lang='lat'>250</span> 
     </span>
    </p>

    <p class='ocr_par' dir='ltr' id='par_1_10' title="bbox 1017 260 1782 1418">
     <span class='ocr_line' id='line_1_50' title="bbox 1020 260 1778 313; baseline 0.017 -18"><span class='ocrx_word' id='word_1_264' title='bbox 1020 272 1112 295; x_wconf 89' lang='lat' dir='ltr'>nunc</span> <span class='ocrx_word' id='word_1_265' title='bbox 1139 260 1290 301; x_wconf 84' lang='lat' dir='ltr'>Brafile‚</span> <span class='ocrx_word' id='word_1_266' title='bbox 1327 275 1346 297; x_wconf 91' lang='lat' dir='ltr'>a</span> <span class='ocrx_word' id='word_1_267' title='bbox 1373 262 1550 301; x_wconf 81' lang='lat' dir='ltr'>Lusitanis</span> <span class='ocrx_word' id='word_1_268' title='bbox 1578 268 1692 313; x_wconf 87' lang='lat' dir='ltr'>primo</span> <span class='ocrx_word' id='word_1_269' title='bbox 1720 272 1778 307; x_wconf 88' lang='lat' dir='ltr'>in-</span> 
     </span>
     <span class='ocr_line' id='line_1_51' title="bbox 1019 311 1778 370; baseline 0.018 -26"><span class='ocrx_word' id='word_1_270' title='bbox 1019 321 1164 346; x_wconf 83' lang='lat' dir='ltr'>ventum</span> <span class='ocrx_word' id='word_1_271' title='bbox 1193 311 1259 346; x_wconf 88' lang='lat' dir='ltr'>hoc</span> <span class='ocrx_word' id='word_1_272' title='bbox 1297 313 1433 361; x_wconf 84' lang='lat' dir='ltr'>lignum</span> <span class='ocrx_word' id='word_1_273' title='bbox 1479 328 1667 355; x_wconf 74' lang='lat' dir='ltr'>memoriae</span> <span class='ocrx_word' id='word_1_274' title='bbox 1698 336 1778 370; x_wconf 87' lang='lat' dir='ltr'>pro-</span> 
     </span>
     <span class='ocr_line' id='line_1_52' title="bbox 1017 361 1777 413; baseline 0.018 -19"><span class='ocrx_word' id='word_1_275' title='bbox 1017 361 1128 396; x_wconf 86' lang='lat' dir='ltr'>didit.</span> <span class='ocrx_word' id='word_1_276' title='bbox 1172 362 1350 399; x_wconf 81' lang='lat' dir='ltr'>Bauhinus</span> <span class='ocrx_word' id='word_1_277' title='bbox 1387 365 1476 413; x_wconf 87' lang='lat' dir='ltr'>apud</span> <span class='ocrx_word' id='word_1_278' title='bbox 1516 377 1647 405; x_wconf 76' lang='lat' dir='ltr'>veteres</span> <span class='ocrx_word' id='word_1_279' title='bbox 1683 372 1777 409; x_wconf 76' lang='lat' dir='ltr'>nihil</span> 
     </span>
     <span class='ocr_line' id='line_1_53' title="bbox 1018 411 1777 465; baseline 0.016 -19"><span class='ocrx_word' id='word_1_280' title='bbox 1018 412 1057 446; x_wconf 90' lang='lat' dir='ltr'>de</span> <span class='ocrx_word' id='word_1_281' title='bbox 1102 411 1169 447; x_wconf 86' lang='lat' dir='ltr'>illo</span> <span class='ocrx_word' id='word_1_282' title='bbox 1208 426 1388 450; x_wconf 85' lang='lat' dir='ltr'>occurrere</span> <span class='ocrx_word' id='word_1_283' title='bbox 1424 417 1457 451; x_wconf 76' lang='grc' dir='ltr'>ἃ</span> <span class='ocrx_word' id='word_1_284' title='bbox 1501 417 1574 465; x_wconf 88' lang='lat' dir='ltr'>ipse</span> <span class='ocrx_word' id='word_1_285' title='bbox 1611 421 1777 458; x_wconf 77' lang='lat' dir='ltr'>testatur.</span> 
     </span>
     <span class='ocr_line' id='line_1_54' title="bbox 1017 461 1778 511; baseline 0.017 -16"><span class='ocrx_word' id='word_1_286' title='bbox 1017 461 1188 509; x_wconf 87' lang='lat' dir='ltr'>Equidem</span> <span class='ocrx_word' id='word_1_287' title='bbox 1218 462 1296 499; x_wconf 89' lang='lat' dir='ltr'>heic</span> <span class='ocrx_word' id='word_1_288' title='bbox 1324 464 1470 511; x_wconf 87' lang='lat' dir='ltr'>haereo,</span> <span class='ocrx_word' id='word_1_289' title='bbox 1497 470 1531 503; x_wconf 73' lang='grc' dir='ltr'>ὅ(</span> <span class='ocrx_word' id='word_1_290' title='bbox 1560 471 1601 505; x_wconf 90' lang='lat' dir='ltr'>ad</span> <span class='ocrx_word' id='word_1_291' title='bbox 1629 471 1697 506; x_wconf 86' lang='lat' dir='ltr'>alia</span> <span class='ocrx_word' id='word_1_292' title='bbox 1723 486 1778 508; x_wconf 88' lang='lat' dir='ltr'>ra-</span> 
     </span>
     <span class='ocr_line' id='line_1_55' title="bbox 1020 514 1777 567; baseline 0.016 -21"><span class='ocrx_word' id='word_1_293' title='bbox 1020 522 1097 559; x_wconf 87' lang='lat' dir='ltr'>ptus</span> <span class='ocrx_word' id='word_1_294' title='bbox 1113 539 1123 555; x_wconf 89' lang='lat'>,</span> <span class='ocrx_word' id='word_1_295' title='bbox 1152 525 1222 548; x_wconf 89' lang='lat' dir='ltr'>rem</span> <span class='ocrx_word' id='word_1_296' title='bbox 1252 514 1413 562; x_wconf 86' lang='lat' dir='ltr'>alioquin</span> <span class='ocrx_word' id='word_1_297' title='bbox 1435 518 1512 554; x_wconf 87' lang='lat' dir='ltr'>luce</span> <span class='ocrx_word' id='word_1_298' title='bbox 1532 519 1673 567; x_wconf 81' lang='lat' dir='ltr'>dignam</span> <span class='ocrx_word' id='word_1_299' title='bbox 1697 523 1777 558; x_wconf 82' lang='lat' dir='ltr'>aliis</span> 
     </span>
     <span class='ocr_line' id='line_1_56' title="bbox 1020 562 1778 614; baseline 0.017 -18"><span class='ocrx_word' id='word_1_300' title='bbox 1020 562 1256 604; x_wconf 82' lang='lat' dir='ltr'>illustrandam</span> <span class='ocrx_word' id='word_1_301' title='bbox 1285 569 1470 614; x_wconf 83' lang='lat' dir='ltr'>relinquo.</span> <span class='ocrx_word' id='word_1_302' title='bbox 1498 571 1630 605; x_wconf 85' lang='lat' dir='ltr'>Eorum</span> <span class='ocrx_word' id='word_1_303' title='bbox 1660 582 1778 608; x_wconf 88' lang='lat' dir='ltr'>autem</span> 
     </span>
     <span class='ocr_line' id='line_1_57' title="bbox 1018 613 1778 670; baseline 0.016 -23"><span class='ocrx_word' id='word_1_304' title='bbox 1018 613 1086 648; x_wconf 87' lang='lat' dir='ltr'>erit</span> <span class='ocrx_word' id='word_1_305' title='bbox 1107 614 1310 659; x_wconf 89' lang='lat' dir='ltr'>decernere,</span> <span class='ocrx_word' id='word_1_306' title='bbox 1331 631 1413 653; x_wconf 89' lang='lat' dir='ltr'>num</span> <span class='ocrx_word' id='word_1_307' title='bbox 1432 619 1536 667; x_wconf 87' lang='lat' dir='ltr'>longe</span> <span class='ocrx_word' id='word_1_308' title='bbox 1553 631 1654 657; x_wconf 85' lang='lat' dir='ltr'>antea</span> <span class='ocrx_word' id='word_1_309' title='bbox 1669 625 1778 670; x_wconf 65' lang='lat' dir='ltr'>quam</span> 
     </span>
     <span class='ocr_line' id='line_1_58' title="bbox 1019 664 1777 716; baseline 0.015 -18"><span class='ocrx_word' id='word_1_310' title='bbox 1019 664 1160 704; x_wconf 80' lang='lat' dir='ltr'>Brafilia</span> <span class='ocrx_word' id='word_1_311' title='bbox 1181 665 1358 703; x_wconf 82' lang='lat' dir='ltr'>Lufitanis</span> <span class='ocrx_word' id='word_1_312' title='bbox 1380 678 1535 716; x_wconf 81' lang='lat' dir='ltr'>pateret,</span> <span class='ocrx_word' id='word_1_313' title='bbox 1555 672 1673 707; x_wconf 89' lang='lat' dir='ltr'>eadem</span> <span class='ocrx_word' id='word_1_314' title='bbox 1695 674 1777 709; x_wconf 89' lang='lat' dir='ltr'>aliis</span> 
     </span>
     <span class='ocr_line' id='line_1_59' title="bbox 1022 715 1778 771; baseline 0.017 -24"><span class='ocrx_word' id='word_1_315' title='bbox 1022 715 1165 761; x_wconf 86' lang='lat' dir='ltr'>Populis</span> <span class='ocrx_word' id='word_1_316' title='bbox 1215 728 1285 751; x_wconf 90' lang='lat' dir='ltr'>non</span> <span class='ocrx_word' id='word_1_317' title='bbox 1328 718 1450 766; x_wconf 87' lang='lat' dir='ltr'>ignota</span> <span class='ocrx_word' id='word_1_318' title='bbox 1492 720 1626 771; x_wconf 76' lang='lat' dir='ltr'>fuerit3</span> <span class='ocrx_word' id='word_1_319' title='bbox 1671 734 1778 771; x_wconf 87' lang='lat' dir='ltr'>atque</span> 
     </span>
     <span class='ocr_line' id='line_1_60' title="bbox 1019 764 1780 814; baseline 0.017 -17"><span class='ocrx_word' id='word_1_320' title='bbox 1019 764 1100 799; x_wconf 90' lang='lat' dir='ltr'>inde</span> <span class='ocrx_word' id='word_1_321' title='bbox 1127 764 1264 813; x_wconf 85' lang='lat' dir='ltr'>lignum</span> <span class='ocrx_word' id='word_1_322' title='bbox 1294 767 1521 806; x_wconf 87' lang='lat' dir='ltr'>Brafilianum</span> <span class='ocrx_word' id='word_1_323' title='bbox 1540 798 1551 814; x_wconf 90' lang='lat'>‚</span> <span class='ocrx_word' id='word_1_324' title='bbox 1587 773 1621 807; x_wconf 88' lang='lat'>&amp;</span> <span class='ocrx_word' id='word_1_325' title='bbox 1659 775 1780 810; x_wconf 74' lang='lat' dir='ltr'>Grana</span> 
     </span>
     <span class='ocr_line' id='line_1_61' title="bbox 1021 813 1779 864; baseline 0.016 -16"><span class='ocrx_word' id='word_1_326' title='bbox 1021 813 1158 850; x_wconf 84' lang='lat' dir='ltr'>Brafilis</span> <span class='ocrx_word' id='word_1_327' title='bbox 1187 830 1246 864; x_wconf 88' lang='lat' dir='ltr'>per</span> <span class='ocrx_word' id='word_1_328' title='bbox 1273 817 1380 854; x_wconf 89' lang='lat' dir='ltr'>Afros</span> <span class='ocrx_word' id='word_1_329' title='bbox 1409 831 1618 858; x_wconf 84' lang='lat' dir='ltr'>mercatores</span> <span class='ocrx_word' id='word_1_330' title='bbox 1645 824 1680 859; x_wconf 91' lang='lat' dir='ltr'>in</span> <span class='ocrx_word' id='word_1_331' title='bbox 1704 825 1779 860; x_wconf 83' lang='lat' dir='ltr'>Ita-</span> 
     </span>
     <span class='ocr_line' id='line_1_62' title="bbox 1019 864 1781 919; baseline 0.017 -21"><span class='ocrx_word' id='word_1_332' title='bbox 1019 864 1104 899; x_wconf 85' lang='lat' dir='ltr'>liam</span> <span class='ocrx_word' id='word_1_333' title='bbox 1142 866 1429 906; x_wconf 80' lang='lat' dir='ltr'>transferrentur.</span> <span class='ocrx_word' id='word_1_334' title='bbox 1475 873 1647 919; x_wconf 84' lang='lat' dir='ltr'>Equidem</span> <span class='ocrx_word' id='word_1_335' title='bbox 1702 874 1781 911; x_wconf 77' lang='lat' dir='ltr'>veri</span> 
     </span>
     <span class='ocr_line' id='line_1_63' title="bbox 1020 914 1780 967; baseline 0.014 -18"><span class='ocrx_word' id='word_1_336' title='bbox 1020 914 1168 951; x_wconf 81' lang='lat' dir='ltr'>firnilius</span> <span class='ocrx_word' id='word_1_337' title='bbox 1195 927 1282 965; x_wconf 89' lang='lat' dir='ltr'>puto</span> <span class='ocrx_word' id='word_1_338' title='bbox 1300 946 1310 961; x_wconf 90' lang='lat'><strong>‚</strong></span> <span class='ocrx_word' id='word_1_339' title='bbox 1339 919 1475 967; x_wconf 80' lang='lat' dir='ltr'>ingenti</span> <span class='ocrx_word' id='word_1_340' title='bbox 1504 923 1562 957; x_wconf 87' lang='lat' dir='ltr'>illi</span> <span class='ocrx_word' id='word_1_341' title='bbox 1591 924 1780 960; x_wconf 74' lang='lat' dir='ltr'>continen-</span> 
     </span>
     <span class='ocr_line' id='line_1_64' title="bbox 1020 965 1779 1021; baseline 0.016 -22"><span class='ocrx_word' id='word_1_342' title='bbox 1020 965 1071 1009; x_wconf 83' lang='lat' dir='ltr'>ti,</span> <span class='ocrx_word' id='word_1_343' title='bbox 1100 979 1202 1013; x_wconf 87' lang='lat' dir='ltr'>quam</span> <span class='ocrx_word' id='word_1_344' title='bbox 1224 969 1517 1007; x_wconf 74' lang='lat' dir='ltr'>nuneBrafiliam</span> <span class='ocrx_word' id='word_1_345' title='bbox 1539 975 1779 1021; x_wconf 64' lang='lat' dir='ltr'>appellatum,</span> 
     </span>
     <span class='ocr_line' id='line_1_65' title="bbox 1020 1015 1780 1070; baseline 0.014 -20"><span class='ocrx_word' id='word_1_346' title='bbox 1020 1015 1222 1063; x_wconf 82' lang='lat' dir='ltr'>impositum</span> <span class='ocrx_word' id='word_1_347' title='bbox 1251 1018 1350 1055; x_wconf 79' lang='lat' dir='ltr'>fuiffe</span> <span class='ocrx_word' id='word_1_348' title='bbox 1377 1034 1506 1057; x_wconf 86' lang='lat' dir='ltr'>nomen</span> <span class='ocrx_word' id='word_1_349' title='bbox 1534 1024 1692 1070; x_wconf 63' lang='lat' dir='ltr'>Basilis,</span> <span class='ocrx_word' id='word_1_350' title='bbox 1734 1039 1780 1062; x_wconf 80' lang='lat' dir='ltr'>ex</span> 
     </span>
     <span class='ocr_line' id='line_1_66' title="bbox 1018 1065 1781 1121; baseline 0.017 -21"><span class='ocrx_word' id='word_1_351' title='bbox 1018 1065 1200 1102; x_wconf 75' lang='lat' dir='ltr'>Lusitania</span> <span class='ocrx_word' id='word_1_352' title='bbox 1219 1094 1230 1111; x_wconf 89' lang='lat'>‚</span> <span class='ocrx_word' id='word_1_353' title='bbox 1247 1078 1324 1107; x_wconf 76' lang='lat' dir='ltr'>{aut</span> <span class='ocrx_word' id='word_1_354' title='bbox 1346 1083 1390 1104; x_wconf 87' lang='lat' dir='ltr'>ex</span> <span class='ocrx_word' id='word_1_355' title='bbox 1421 1073 1522 1108; x_wconf 88' lang='lat' dir='ltr'>Italia</span> <span class='ocrx_word' id='word_1_356' title='bbox 1553 1075 1670 1121; x_wconf 73' lang='lat' dir='ltr'>potius</span> <span class='ocrx_word' id='word_1_357' title='bbox 1686 1103 1697 1120; x_wconf 86' lang='lat'>,</span> <span class='ocrx_word' id='word_1_358' title='bbox 1733 1076 1781 1112; x_wconf 74' lang='lat' dir='ltr'>il-</span> 
     </span>
     <span class='ocr_line' id='line_1_67' title="bbox 1019 1116 1782 1172; baseline 0.016 -21"><span class='ocrx_word' id='word_1_359' title='bbox 1019 1117 1076 1152; x_wconf 88' lang='lat' dir='ltr'>luc</span> <span class='ocrx_word' id='word_1_360' title='bbox 1105 1116 1316 1163; x_wconf 57' lang='lat' dir='ltr'>advectum,</span> <span class='ocrx_word' id='word_1_361' title='bbox 1357 1121 1451 1167; x_wconf 87' lang='lat' dir='ltr'>quod</span> <span class='ocrx_word' id='word_1_362' title='bbox 1495 1135 1618 1172; x_wconf 85' lang='lat' dir='ltr'>nempe</span> <span class='ocrx_word' id='word_1_363' title='bbox 1644 1124 1697 1161; x_wconf 87' lang='lat' dir='ltr'>ibi</span> <span class='ocrx_word' id='word_1_364' title='bbox 1724 1125 1782 1162; x_wconf 88' lang='lat' dir='ltr'>in-</span> 
     </span>
     <span class='ocr_line' id='line_1_68' title="bbox 1018 1169 1780 1223; baseline 0.014 -21"><span class='ocrx_word' id='word_1_365' title='bbox 1018 1181 1100 1215; x_wconf 80' lang='lat' dir='ltr'>gens</span> <span class='ocrx_word' id='word_1_366' title='bbox 1129 1169 1230 1217; x_wconf 86' lang='lat' dir='ltr'>copia</span> <span class='ocrx_word' id='word_1_367' title='bbox 1258 1169 1368 1218; x_wconf 80' lang='lat' dir='ltr'>Ligni</span> <span class='ocrx_word' id='word_1_368' title='bbox 1397 1172 1536 1214; x_wconf 81' lang='lat' dir='ltr'>Brafilis</span> <span class='ocrx_word' id='word_1_369' title='bbox 1571 1175 1780 1223; x_wconf 80' lang='lat' dir='ltr'>deprehensa</span> 
     </span>
     <span class='ocr_line' id='line_1_69' title="bbox 1018 1218 1780 1274; baseline 0.014 -21"><span class='ocrx_word' id='word_1_370' title='bbox 1018 1218 1148 1264; x_wconf 70' lang='lat' dir='ltr'>fuerit,</span> <span class='ocrx_word' id='word_1_371' title='bbox 1193 1232 1266 1268; x_wconf 85' lang='lat' dir='ltr'>quo</span> <span class='ocrx_word' id='word_1_372' title='bbox 1296 1222 1455 1261; x_wconf 23' lang='lat' dir='ltr'>inomine</span> <span class='ocrx_word' id='word_1_373' title='bbox 1507 1225 1664 1274; x_wconf 83' lang='lat' dir='ltr'>Lignum</span> <span class='ocrx_word' id='word_1_374' title='bbox 1712 1227 1780 1263; x_wconf 88' lang='lat' dir='ltr'>hoc</span> 
     </span>
     <span class='ocr_line' id='line_1_70' title="bbox 1018 1269 1780 1320; baseline 0.016 -17"><span class='ocrx_word' id='word_1_375' title='bbox 1018 1269 1107 1317; x_wconf 84' lang='lat' dir='ltr'>apud</span> <span class='ocrx_word' id='word_1_376' title='bbox 1135 1283 1197 1305; x_wconf 84' lang='lat' dir='ltr'>nos</span> <span class='ocrx_word' id='word_1_377' title='bbox 1226 1281 1327 1320; x_wconf 83' lang='lat' dir='ltr'>antea</span> <span class='ocrx_word' id='word_1_378' title='bbox 1347 1273 1780 1315; x_wconf 48' lang='lat' dir='ltr'>donabatur.2Americus</span> 
     </span>
     <span class='ocr_line' id='line_1_71' title="bbox 1018 1321 1780 1375; baseline 0.016 -21"><span class='ocrx_word' id='word_1_379' title='bbox 1018 1331 1134 1355; x_wconf 85' lang='lat' dir='ltr'>autem</span> <span class='ocrx_word' id='word_1_380' title='bbox 1165 1321 1378 1370; x_wconf 79' lang='lat' dir='ltr'>Vespuccius</span> <span class='ocrx_word' id='word_1_381' title='bbox 1399 1326 1519 1361; x_wconf 47' lang='lat' dir='ltr'>Italus»</span> <span class='ocrx_word' id='word_1_382' title='bbox 1534 1327 1666 1375; x_wconf 81' lang='lat' dir='ltr'>primus</span> <span class='ocrx_word' id='word_1_383' title='bbox 1688 1329 1780 1374; x_wconf 77' lang='lat' dir='ltr'>fuit,</span> 
     </span>
     <span class='ocr_line' id='line_1_72' title="bbox 1018 1371 1780 1418; baseline 0.014 -13"><span class='ocrx_word' id='word_1_384' title='bbox 1018 1372 1079 1418; x_wconf 77' lang='lat' dir='ltr'>qui</span> <span class='ocrx_word' id='word_1_385' title='bbox 1101 1371 1207 1407; x_wconf 85' lang='lat' dir='ltr'>vastas</span> <span class='ocrx_word' id='word_1_386' title='bbox 1229 1374 1391 1410; x_wconf 79' lang='lat' dir='ltr'>Brafiliae</span> <span class='ocrx_word' id='word_1_387' title='bbox 1407 1389 1483 1412; x_wconf 81' lang='lat' dir='ltr'>oras</span> <span class='ocrx_word' id='word_1_388' title='bbox 1499 1378 1656 1414; x_wconf 85' lang='lat' dir='ltr'>detexit.</span> <span class='ocrx_word' id='word_1_389' title='bbox 1681 1381 1780 1415; x_wconf 43' lang='lat' dir='ltr'>Tan?</span> 
     </span>
    </p>
   </div>
   <div class='ocr_carea' id='block_1_10' title="bbox 995 1422 1780 1478">
    <p class='ocr_par' dir='ltr' id='par_1_11' title="bbox 995 1422 1780 1478">
     <span class='ocr_line' id='line_1_73' title="bbox 995 1422 1780 1478; baseline 0.015 -23"><span class='ocrx_word' id='word_1_390' title='bbox 995 1442 997 1459; x_wconf 66' lang='lat'>=‚</span> <span class='ocrx_word' id='word_1_391' title='bbox 1018 1423 1097 1457; x_wconf 82' lang='lat' dir='ltr'>dem</span> <span class='ocrx_word' id='word_1_392' title='bbox 1125 1422 1401 1472; x_wconf 77' lang='lat' dir='ltr'>investigandum</span> <span class='ocrx_word' id='word_1_393' title='bbox 1425 1427 1474 1462; x_wconf 85' lang='lat' dir='ltr'>eis</span> <span class='ocrx_word' id='word_1_394' title='bbox 1495 1428 1665 1470; x_wconf 87' lang='lat' dir='ltr'>dimitto,</span> <span class='ocrx_word' id='word_1_395' title='bbox 1693 1429 1780 1478; x_wconf 78' lang='lat' dir='ltr'>qui&#39;d</span> 
     </span>
    </p>
   </div>
   <div class='ocr_carea' id='block_1_11' title="bbox 954 2065 999 2114">
    <p class='ocr_par' dir='ltr' id='par_1_12' title="bbox 954 2065 999 2114">
     <span class='ocr_line' id='line_1_74' title="bbox 954 2065 999 2114; baseline -0.044 0"><span class='ocrx_word' id='word_1_396' title='bbox 954 2080 982 2114; x_wconf 77' lang='lat' dir='ltr'>E</span> <span class='ocrx_word' id='word_1_397' title='bbox 996 2065 999 2112; x_wconf 77' lang='lat' dir='ltr'>l</span> 
     </span>
    </p>
   </div>
   <div class='ocr_carea' id='block_1_12' title="bbox 1018 1475 1781 1520">
    <p class='ocr_par' dir='ltr' id='par_1_13' title="bbox 1018 1475 1781 1520">
     <span class='ocr_line' id='line_1_75' title="bbox 1018 1475 1781 1520; baseline 0.01 -14"><span class='ocrx_word' id='word_1_398' title='bbox 1018 1475 1129 1507; x_wconf 73' lang='lat' dir='ltr'>Caecus</span> <span class='ocrx_word' id='word_1_399' title='bbox 1146 1500 1156 1515; x_wconf 86' lang='lat'><strong>‚</strong></span> <span class='ocrx_word' id='word_1_400' title='bbox 1183 1475 1324 1510; x_wconf 79' lang='lat' dir='ltr'>Chermes</span> <span class='ocrx_word' id='word_1_401' title='bbox 1343 1503 1353 1520; x_wconf 93' lang='lat'>‚</span> <span class='ocrx_word' id='word_1_402' title='bbox 1381 1478 1500 1514; x_wconf 75' lang='lat' dir='ltr'>Blatta</span> <span class='ocrx_word' id='word_1_403' title='bbox 1515 1503 1529 1518; x_wconf 79' lang='lat'><em>‚</em></span> <span class='ocrx_word' id='word_1_404' title='bbox 1553 1480 1588 1515; x_wconf 66' lang='grc' dir='ltr'>δε</span> <span class='ocrx_word' id='word_1_405' title='bbox 1614 1482 1781 1516; x_wconf 82' lang='lat' dir='ltr'>Cochinil-</span> 
     </span>
    </p>
   </div>
   <div class='ocr_carea' id='block_1_13' title="bbox 1018 1524 1781 1622">
    <p class='ocr_par' dir='ltr' id='par_1_14' title="bbox 1018 1524 1781 1622">
     <span class='ocr_line' id='line_1_76' title="bbox 1018 1524 1779 1567; baseline 0.016 -11"><span class='ocrx_word' id='word_1_406' title='bbox 1018 1525 1052 1557; x_wconf 80' lang='lat' dir='ltr'>la</span> <span class='ocrx_word' id='word_1_407' title='bbox 1079 1536 1121 1558; x_wconf 86' lang='lat' dir='ltr'>ex</span> <span class='ocrx_word' id='word_1_408' title='bbox 1151 1524 1262 1560; x_wconf 79' lang='lat' dir='ltr'>Indiis</span> <span class='ocrx_word' id='word_1_409' title='bbox 1305 1527 1596 1566; x_wconf 85' lang='lat' dir='ltr'>Occidentalibus</span> <span class='ocrx_word' id='word_1_410' title='bbox 1632 1531 1675 1566; x_wconf 88' lang='lat' dir='ltr'>ad</span> <span class='ocrx_word' id='word_1_411' title='bbox 1715 1545 1779 1567; x_wconf 85' lang='lat' dir='ltr'>nos</span> 
     </span>
     <span class='ocr_line' id='line_1_77' title="bbox 1019 1572 1781 1622; baseline 0.014 -16"><span class='ocrx_word' id='word_1_412' title='bbox 1019 1572 1157 1617; x_wconf 83' lang='lat' dir='ltr'>delata,</span> <span class='ocrx_word' id='word_1_413' title='bbox 1183 1574 1278 1609; x_wconf 87' lang='lat' dir='ltr'>inter</span> <span class='ocrx_word' id='word_1_414' title='bbox 1304 1575 1337 1610; x_wconf 89' lang='lat' dir='ltr'>se</span> <span class='ocrx_word' id='word_1_415' title='bbox 1365 1580 1602 1622; x_wconf 79' lang='lat' dir='ltr'>conveniant,</span> <span class='ocrx_word' id='word_1_416' title='bbox 1631 1589 1691 1615; x_wconf 88' lang='lat' dir='ltr'>aut</span> <span class='ocrx_word' id='word_1_417' title='bbox 1711 1581 1781 1616; x_wconf 86' lang='lat' dir='ltr'>dif-</span> 
     </span>
    </p>
   </div>
   <div class='ocr_carea' id='block_1_14' title="bbox 1019 1621 1785 2181">
    <p class='ocr_par' dir='ltr' id='par_1_15' title="bbox 1019 1621 1776 1707">
     <span class='ocr_line' id='line_1_78' title="bbox 1019 1621 1776 1671; baseline 0.016 -15"><span class='ocrx_word' id='word_1_418' title='bbox 1019 1621 1156 1658; x_wconf 83' lang='lat' dir='ltr'>ferant.</span> <span class='ocrx_word' id='word_1_419' title='bbox 1194 1624 1320 1671; x_wconf 85' lang='lat' dir='ltr'>Neque</span> <span class='ocrx_word' id='word_1_420' title='bbox 1356 1625 1452 1662; x_wconf 86' lang='lat' dir='ltr'>enim</span> <span class='ocrx_word' id='word_1_421' title='bbox 1493 1627 1550 1663; x_wconf 83' lang='lat' dir='ltr'>his</span> <span class='ocrx_word' id='word_1_422' title='bbox 1588 1630 1776 1669; x_wconf 71' lang='lat' dir='ltr'>immorari</span> 
     </span>
     <span class='ocr_line' id='line_1_79' title="bbox 1022 1680 1143 1707; baseline 0.017 -2"><span class='ocrx_word' id='word_1_423' title='bbox 1022 1680 1143 1707; x_wconf 75' lang='lat' dir='ltr'>vacat.</span> 
     </span>
    </p>

    <p class='ocr_par' dir='ltr' id='par_1_16' title="bbox 1020 1723 1785 2181">
     <span class='ocr_line' id='line_1_80' title="bbox 1073 1723 1782 1780; baseline 0.017 -24"><span class='ocrx_word' id='word_1_424' title='bbox 1073 1725 1196 1771; x_wconf 86' lang='lat' dir='ltr'>Nuper</span> <span class='ocrx_word' id='word_1_425' title='bbox 1230 1723 1390 1761; x_wconf 85' lang='lat' dir='ltr'>vidimus</span> <span class='ocrx_word' id='word_1_426' title='bbox 1427 1725 1465 1762; x_wconf 88' lang='lat' dir='ltr'>in</span> <span class='ocrx_word' id='word_1_427' title='bbox 1492 1727 1626 1765; x_wconf 80' lang='lat' dir='ltr'>Char-ta</span> <span class='ocrx_word' id='word_1_428' title='bbox 1658 1732 1782 1780; x_wconf 63' lang='lat' dir='ltr'>paS’to-</span> 
     </span>
     <span class='ocr_line' id='line_1_81' title="bbox 1020 1772 1783 1819; baseline 0.016 -12"><span class='ocrx_word' id='word_1_429' title='bbox 1020 1785 1098 1808; x_wconf 85' lang='lat' dir='ltr'>rum</span> <span class='ocrx_word' id='word_1_430' title='bbox 1136 1772 1403 1819; x_wconf 72' lang='lat' dir='ltr'>Ferrarienfium</span> <span class='ocrx_word' id='word_1_431' title='bbox 1439 1778 1622 1816; x_wconf 82' lang='lat' dir='ltr'>recenfita&#39;s</span> <span class='ocrx_word' id='word_1_432' title='bbox 1649 1782 1783 1819; x_wconf 55' lang='lat' dir='ltr'>&#39;diver-</span> 
     </span>
     <span class='ocr_line' id='line_1_82' title="bbox 1020 1823 1785 1879; baseline 0.016 -22"><span class='ocrx_word' id='word_1_433' title='bbox 1020 1823 1070 1858; x_wconf 87' lang='lat' dir='ltr'>sas</span> <span class='ocrx_word' id='word_1_434' title='bbox 1098 1824 1268 1860; x_wconf 79' lang='lat' dir='ltr'>merciuin</span> <span class='ocrx_word' id='word_1_435' title='bbox 1295 1826 1447 1874; x_wconf 80' lang='lat' dir='ltr'>species,</span> <span class='ocrx_word' id='word_1_436' title='bbox 1490 1843 1577 1877; x_wconf 88' lang='lat' dir='ltr'>quae</span> <span class='ocrx_word' id='word_1_437' title='bbox 1605 1833 1692 1867; x_wconf 88' lang='lat' dir='ltr'>olim</span> <span class='ocrx_word' id='word_1_438' title='bbox 1722 1847 1785 1879; x_wconf 78' lang='lat' dir='ltr'>per</span> 
     </span>
     <span class='ocr_line' id='line_1_83' title="bbox 1021 1874 1783 1923; baseline 0.014 -15"><span class='ocrx_word' id='word_1_439' title='bbox 1021 1874 1163 1909; x_wconf 87' lang='lat' dir='ltr'>Italiam</span> <span class='ocrx_word' id='word_1_440' title='bbox 1191 1876 1526 1923; x_wconf 74' lang='lat' dir='ltr'>transvehebantur.</span> <span class='ocrx_word' id='word_1_441' title='bbox 1559 1885 1664 1917; x_wconf 91' lang='lat' dir='ltr'>Nunc</span> <span class='ocrx_word' id='word_1_442' title='bbox 1693 1885 1783 1920; x_wconf 81' lang='lat' dir='ltr'>alte-</span> 
     </span>
     <span class='ocr_line' id='line_1_84' title="bbox 1020 1931 1782 1980; baseline 0.013 -20"><span class='ocrx_word' id='word_1_443' title='bbox 1020 1937 1097 1960; x_wconf 87' lang='lat' dir='ltr'>rum</span> <span class='ocrx_word' id='word_1_444' title='bbox 1118 1938 1388 1965; x_wconf 88' lang='lat' dir='ltr'>monumentum</span> <span class='ocrx_word' id='word_1_445' title='bbox 1409 1931 1568 1978; x_wconf 75' lang='lat' dir='ltr'>profero,</span> <span class='ocrx_word' id='word_1_446' title='bbox 1597 1934 1690 1980; x_wconf 86' lang='lat' dir='ltr'>quod</span> <span class='ocrx_word' id='word_1_447' title='bbox 1712 1934 1782 1971; x_wconf 86' lang='lat' dir='ltr'>mi-</span> 
     </span>
     <span class='ocr_line' id='line_1_85' title="bbox 1020 1975 1783 2032; baseline 0.016 -22"><span class='ocrx_word' id='word_1_448' title='bbox 1020 1975 1058 2011; x_wconf 83' lang='lat' dir='ltr'>hi</span> <span class='ocrx_word' id='word_1_449' title='bbox 1080 1975 1316 2025; x_wconf 80' lang='lat' dir='ltr'>suppeditavit</span> <span class='ocrx_word' id='word_1_450' title='bbox 1337 1979 1570 2019; x_wconf 88' lang='lat' dir='ltr'>Tabularium</span> <span class='ocrx_word' id='word_1_451' title='bbox 1592 1983 1690 2032; x_wconf 90' lang='lat' dir='ltr'>saepe</span> <span class='ocrx_word' id='word_1_452' title='bbox 1708 1998 1783 2022; x_wconf 81' lang='lat' dir='ltr'>me-</span> 
     </span>
     <span class='ocr_line' id='line_1_86' title="bbox 1021 2027 1784 2073; baseline 0.014 -12"><span class='ocrx_word' id='word_1_453' title='bbox 1021 2037 1177 2063; x_wconf 83' lang='lat' dir='ltr'>moratae</span> <span class='ocrx_word' id='word_1_454' title='bbox 1206 2027 1434 2073; x_wconf 82' lang='lat' dir='ltr'>Reipublicae</span> <span class='ocrx_word' id='word_1_455' title='bbox 1461 2034 1694 2071; x_wconf 82' lang='lat' dir='ltr'>Mutinenfis.</span> <span class='ocrx_word' id='word_1_456' title='bbox 1722 2035 1784 2072; x_wconf 83' lang='lat' dir='ltr'>In-</span> 
     </span>
     <span class='ocr_line' id='line_1_87' title="bbox 1020 2078 1783 2127; baseline 0.014 -15"><span class='ocrx_word' id='word_1_457' title='bbox 1020 2087 1074 2113; x_wconf 88' lang='lat' dir='ltr'>ter</span> <span class='ocrx_word' id='word_1_458' title='bbox 1102 2078 1320 2116; x_wconf 84' lang='lat' dir='ltr'>Mutinenses</span> <span class='ocrx_word' id='word_1_459' title='bbox 1348 2079 1385 2117; x_wconf 88' lang='lat'>&amp;</span> <span class='ocrx_word' id='word_1_460' title='bbox 1415 2084 1588 2127; x_wconf 85' lang='lat' dir='ltr'>Lucenses</span> <span class='ocrx_word' id='word_1_461' title='bbox 1615 2099 1685 2121; x_wconf 85' lang='lat' dir='ltr'>non</span> <span class='ocrx_word' id='word_1_462' title='bbox 1714 2100 1783 2125; x_wconf 84' lang='lat' dir='ltr'>una</span> 
     </span>
     <span class='ocr_line' id='line_1_88' title="bbox 1021 2128 1783 2181; baseline 0.014 -18"><span class='ocrx_word' id='word_1_463' title='bbox 1021 2128 1274 2166; x_wconf 75' lang='lat' dir='ltr'>discordiarum</span> <span class='ocrx_word' id='word_1_464' title='bbox 1316 2135 1476 2181; x_wconf 86' lang='lat' dir='ltr'>germina</span> <span class='ocrx_word' id='word_1_465' title='bbox 1500 2136 1783 2174; x_wconf 68' lang='lat' dir='ltr'>intercesserant.</span> 
     </span>
    </p>
   </div>
   <div class='ocr_carea' id='block_1_15' title="bbox 988 2179 1782 2228">
    <p class='ocr_par' dir='ltr' id='par_1_17' title="bbox 988 2179 1782 2228">
     <span class='ocr_line' id='line_1_89' title="bbox 988 2179 1782 2228; baseline 0.01 -12"><span class='ocrx_word' id='word_1_466' title='bbox 988 2192 989 2195; x_wconf 77' lang='grc'>’</span> <span class='ocrx_word' id='word_1_467' title='bbox 1021 2179 1086 2216; x_wconf 90' lang='lat' dir='ltr'>Sed</span> <span class='ocrx_word' id='word_1_468' title='bbox 1130 2181 1293 2228; x_wconf 80' lang='lat' dir='ltr'>paciferis</span> <span class='ocrx_word' id='word_1_469' title='bbox 1326 2183 1644 2224; x_wconf 77' lang='lat' dir='ltr'>intercurrentibus</span> <span class='ocrx_word' id='word_1_470' title='bbox 1672 2191 1782 2225; x_wconf 85' lang='lat' dir='ltr'>Anno</span> 
     </span>
    </p>
   </div>
   <div class='ocr_carea' id='block_1_16' title="bbox 1014 2232 1785 2491">
    <p class='ocr_par' dir='ltr' id='par_1_18' title="bbox 1014 2232 1785 2491">
     <span class='ocr_line' id='line_1_90' title="bbox 1022 2232 1783 2285; baseline 0.011 -18"><span class='ocrx_word' id='word_1_471' title='bbox 1022 2232 1301 2269; x_wconf 80' lang='lat' dir='ltr'>MCCLXXXI&#39;.</span> <span class='ocrx_word' id='word_1_472' title='bbox 1329 2237 1506 2272; x_wconf 61' lang='lat' dir='ltr'>Indic‘lione</span> <span class='ocrx_word' id='word_1_473' title='bbox 1527 2242 1584 2275; x_wconf 85' lang='lat' dir='ltr'>IX.</span> <span class='ocrx_word' id='word_1_474' title='bbox 1611 2240 1662 2275; x_wconf 81' lang='lat' dir='ltr'>die</span> <span class='ocrx_word' id='word_1_475' title='bbox 1678 2240 1783 2285; x_wconf 60' lang='lat' dir='ltr'>Joka</span> 
     </span>
     <span class='ocr_line' id='line_1_91' title="bbox 1023 2284 1781 2335; baseline 0.013 -19"><span class='ocrx_word' id='word_1_476' title='bbox 1023 2284 1047 2317; x_wconf 90' lang='lat'>1.</span> <span class='ocrx_word' id='word_1_477' title='bbox 1079 2285 1218 2319; x_wconf 70' lang='lat' dir='ltr'>intrante</span> <span class='ocrx_word' id='word_1_478' title='bbox 1245 2286 1373 2320; x_wconf 65' lang='lat' dir='ltr'>oclubri</span> <span class='ocrx_word' id='word_1_479' title='bbox 1400 2290 1550 2335; x_wconf 77' lang='lat' dir='ltr'>percuffa</span> <span class='ocrx_word' id='word_1_480' title='bbox 1579 2289 1657 2326; x_wconf 86' lang='lat' dir='ltr'>sunt</span> <span class='ocrx_word' id='word_1_481' title='bbox 1694 2290 1781 2327; x_wconf 85' lang='lat' dir='ltr'>novi</span> 
     </span>
     <span class='ocr_line' id='line_1_92' title="bbox 1023 2332 1785 2389; baseline 0.01 -21"><span class='ocrx_word' id='word_1_482' title='bbox 1023 2332 1171 2370; x_wconf 84' lang='lat' dir='ltr'>foederis</span> <span class='ocrx_word' id='word_1_483' title='bbox 1207 2337 1240 2370; x_wconf 91' lang='lat'>&amp;</span> <span class='ocrx_word' id='word_1_484' title='bbox 1283 2339 1489 2375; x_wconf 87' lang='lat' dir='ltr'>concordiae</span> <span class='ocrx_word' id='word_1_485' title='bbox 1526 2341 1648 2389; x_wconf 62' lang='lat' dir='ltr'>pasta,</span> <span class='ocrx_word' id='word_1_486' title='bbox 1689 2341 1785 2376; x_wconf 80' lang='lat' dir='ltr'>inter</span> 
     </span>
     <span class='ocr_line' id='line_1_93' title="bbox 1023 2386 1783 2439; baseline 0.009 -19"><span class='ocrx_word' id='word_1_487' title='bbox 1023 2398 1111 2433; x_wconf 86' lang='lat' dir='ltr'>quae</span> <span class='ocrx_word' id='word_1_488' title='bbox 1137 2386 1301 2423; x_wconf 87' lang='lat' dir='ltr'>statutum</span> <span class='ocrx_word' id='word_1_489' title='bbox 1331 2388 1397 2431; x_wconf 85' lang='lat' dir='ltr'>est,</span> <span class='ocrx_word' id='word_1_490' title='bbox 1439 2390 1524 2437; x_wconf 86' lang='lat' dir='ltr'>quid</span> <span class='ocrx_word' id='word_1_491' title='bbox 1557 2392 1690 2439; x_wconf 75' lang='lat' dir='ltr'>pedagii</span> <span class='ocrx_word' id='word_1_492' title='bbox 1725 2390 1783 2427; x_wconf 83' lang='lat' dir='ltr'>seu</span> 
     </span>
     <span class='ocr_line' id='line_1_94' title="bbox 1014 2436 1782 2491; baseline 0.007 -20"><span class='ocrx_word' id='word_1_493' title='bbox 1014 2436 1209 2486; x_wconf 29' lang='lat' dir='ltr'>*ve6iigalis</span> <span class='ocrx_word' id='word_1_494' title='bbox 1229 2439 1493 2483; x_wconf 79' lang='lat' dir='ltr'>persolvendum</span> <span class='ocrx_word' id='word_1_495' title='bbox 1511 2443 1593 2478; x_wconf 75' lang='lat' dir='ltr'>ess‘et</span> <span class='ocrx_word' id='word_1_496' title='bbox 1609 2451 1670 2491; x_wconf 77' lang='lat' dir='ltr'>pro·</span> <span class='ocrx_word' id='word_1_497' title='bbox 1689 2452 1782 2476; x_wconf 79' lang='lat' dir='ltr'>mer·</span> 
     </span>
    </p>
   </div>
   <div class='ocr_carea' id='block_1_17' title="bbox 1013 2488 1781 2539">
    <p class='ocr_par' dir='ltr' id='par_1_19' title="bbox 1013 2488 1781 2539">
     <span class='ocr_line' id='line_1_95' title="bbox 1013 2488 1781 2539; baseline 0.005 -16"><span class='ocrx_word' id='word_1_498' title='bbox 1013 2488 1121 2523; x_wconf 72' lang='lat' dir='ltr'>=cibus</span> <span class='ocrx_word' id='word_1_499' title='bbox 1142 2501 1201 2536; x_wconf 85' lang='lat' dir='ltr'>per</span> <span class='ocrx_word' id='word_1_500' title='bbox 1220 2489 1459 2526; x_wconf 79' lang='lat' dir='ltr'>Mutinensem</span> <span class='ocrx_word' id='word_1_501' title='bbox 1481 2504 1604 2539; x_wconf 72' lang='lat' dir='ltr'>agrum</span> <span class='ocrx_word' id='word_1_502' title='bbox 1623 2491 1781 2527; x_wconf 76' lang='lat' dir='ltr'>transdu-</span> 
     </span>
    </p>
   </div>
   <div class='ocr_carea' id='block_1_18' title="bbox 1025 2539 1785 2641">
    <p class='ocr_par' dir='ltr' id='par_1_20' title="bbox 1025 2539 1785 2641">
     <span class='ocr_line' id='line_1_96' title="bbox 1025 2539 1785 2590; baseline 0.004 -15"><span class='ocrx_word' id='word_1_503' title='bbox 1025 2539 1168 2577; x_wconf 80' lang='lat' dir='ltr'>cendis.</span> <span class='ocrx_word' id='word_1_504' title='bbox 1204 2541 1303 2577; x_wconf 82' lang='lat' dir='ltr'>Haec</span> <span class='ocrx_word' id='word_1_505' title='bbox 1338 2540 1450 2590; x_wconf 78' lang='lat' dir='ltr'>igitur</span> <span class='ocrx_word' id='word_1_506' title='bbox 1488 2542 1564 2580; x_wconf 83' lang='lat' dir='ltr'>ibi:</span> <span class='ocrx_word' id='word_1_507' title='bbox 1613 2546 1663 2579; x_wconf 81' lang='lat' dir='ltr'>De</span> <span class='ocrx_word' id='word_1_508' title='bbox 1693 2541 1785 2584; x_wconf 65' lang='lat' dir='ltr'>soma</span> 
     </span>
     <span class='ocr_line' id='line_1_97' title="bbox 1649 2604 1731 2641; baseline 0.012 -16"><span class='ocrx_word' id='word_1_509' title='bbox 1649 2604 1731 2641; x_wconf 52' lang='lat'>{353²</span> 
     </span>
    </p>
   </div>
  </div>
 </body>
</html>
