2169 3047
176 1345 320 1379 Cimurro
338 1372 345 1386 ‚

177 2504 253 2539 Cia.

238 240 321 289 765

229 292 351 326 tallica
378 285 575 344 eximium,
604 283 657 320 sed
687 298 788 332 quem
815 300 878 322 nos
904 288 935 321 1·

229 341 295 376 tali
324 339 439 387 (quod
468 339 500 372 &
530 336 566 371 in
592 336 673 371 aliis
701 336 822 372 multis
852 336 935 372 faci-

229 390 335 438 mus)
366 387 600 436 negligimuS,
628 395 686 422 aut
717 387 820 435 longe
847 387 937 424 infra

229 441 394 476 meritum
433 437 671 473 aestimamus.
708 437 764 472 lbi
794 438 874 474 Lib.
901 453 936 486 4.

228 489 318 538 Cap.
345 501 379 536 7.
408 490 558 525 traditur
586 489 610 523 it
637 490 724 522 modo
750 488 786 522 di
812 491 937 524 Cimen

229 551 281 575 tar
309 540 331 573 Γ
349 554 419 579 ονο,
449 554 464 574 e
499 540 534 574 di
571 541 715 574 condurlo
751 539 808 574 alt’
824 540 939 575 ultima

223 591 287 636 sua
307 590 465 636 finczza:
492 591 584 637 quod
614 589 655 625 fit
682 589 719 625 in
753 588 830 626 vase
857 594 937 626 Cae-

229 651 385 681 mentato‚
403 641 459 680 cui
476 641 569 688 ignis
590 640 795 689 supponitur
807 668 814 676 .
831 641 937 686 Quod

228 693 263 726 la
289 692 438 736 Coppella
472 692 613 739 praestat
650 692 686 726 in
719 702 885 740 argento,
914 693 939 726 il

229 742 371 776 Cimemo
399 742 542 788 praestat
571 742 606 777 in
637 755 740 777 aure.
777 742 937 790 Ejusmo-

228 791 265 827 di
293 792 536 840 experimento
574 802 739 840 purgatur
770 806 889 828 aurum
920 807 938 829 a

227 855 447 890 quacumque
476 842 595 892 sorde3
622 844 654 878 8(
685 843 856 891 quidquid
884 857 936 879 ar-

227 893 325 940 genti
354 894 588 929 commixtum
618 903 712 932 erat,
736 894 816 928 inde
845 893 935 941 sepa-

228 953 344 979 ratur.
386 944 567 979 postremis
605 944 697 980 hisce
735 944 865 980 seculis
904 946 937 979 1-

229 994 329 1029 talici
359 994 550 1043 Scr³pt0res
579 1009 638 1042 per
669 995 935 1030 translationem

229 1045 281 1079 uti
311 1055 499 1093 coeperunt
535 1047 642 1081 verbo
671 1047 869 1085 Cimentam
898 1044 935 1081 &

228 1095 373 1130 nomine
409 1097 571 1138 Cimento‚
600 1096 640 1130 ad
672 1095 934 1142 significandum

227 1149 369 1179 arduum
394 1146 535 1189 aliquod
560 1145 840 1188 experimentum
865 1144 933 1179 for—

225 1195 413 1233 titudinis,
435 1204 493 1229 aut
516 1193 702 1241 probitatis
728 1193 934 1230 hominum.

223 1245 340 1279 Habes
370 1258 567 1293 germanam
607 1244 708 1294 hujus
738 1245 834 1282 vocis
862 1246 932 1282 ori—

223 1295 362 1342 ginem.

384 1345 439 1379 seu
480 1346 642 1381 cimorra.
686 1347 840 1385 Pituita,
878 1348 933 1383 seu

226 1395 414 1429 Rhevmatis
452 1394 602 1437 species,
633 1408 704 1441 quo
740 1409 758 1430 e
795 1396 935 1431 naribus

228 1443 401 1479 defluente
430 1444 602 1480 interdum
642 1445 722 1490 equi
754 1446 934 1482 laborant.

228 1495 434 1537 Menagium
473 1495 574 1530 audi:
606 1498 677 1529 Non
710 1497 744 1540 so
776 1496 799 1529 l’
816 1498 936 1543 origine

226 1547 262 1581 di
289 1547 392 1592 quella
419 1559 507 1580 voce.
532 1546 594 1579 Cht‘
621 1561 667 1580 me
693 1548 726 1581 la
752 1549 935 1593 inlegnerd‚

226 1598 285 1631 erit
321 1597 398 1629 misai
434 1610 565 1642 magnus
600 1598 739 1641 Apollo.
777 1599 870 1633 Idem
901 1600 933 1633 ἃ

227 1661 291 1695 ego
319 1656 457 1694 repeto.
486 1648 590 1682 Addo
627 1657 765 1683 tamen:
797 1650 851 1682 vel
884 1652 934 1683 A·

226 1698 364 1733 rabicae
390 1697 539 1745 originis
567 1698 632 1732 effe
670 1698 756 1733 hanc
790 1712 934 1739 vocem,

227 1761 335 1795 quum
388 1748 524 1796 Lingua
568 1749 673 1783 etiam
715 1748 934 1795 Hispanica,

226 1811 329 1856 quam
361 1799 512 1833 Arabica
549 1800 698 1833 multum
739 1800 932 1847 locupleta-

225 1850 302 1890 vit
341 1849 464 1884 habeat
491 1850 654 1890 cimorra
683 1850 800 1885 eadem
830 1850 933 1899 figni-

225 1898 417 1942 ficatione,
468 1877 674 1935 Covaruvia
719 1900 822 1936 teste.
855 1879 933 1937 DVel

225 1964 267 1985 ex
331 1951 541 1997 populorum
598 1952 931 1997 septentrionalium

224 2001 376 2048 Linguis
404 2002 444 2035 ad
478 2002 580 2036 {talos
607 2003 637 2035 8(
671 2001 845 2049 Hispanos
873 2003 932 2038 ista

227 2051 421 2099 migravit.
457 2050 565 2086 Cerre
597 2053 722 2097 Anolis
766 2056 863 2086 Mur
889 2054 933 2088 est

228 2104 387 2140 Catarro,
425 2104 604 2137 Fareddme
641 2081 735 2137 Tum
774 2105 862 2137 Chill
889 2104 933 2139 est

228 2153 375 2191 Freddo,
396 2151 444 2186 ira
466 2163 504 2186 ut
527 2152 687 2194 (uspicari
708 2154 814 2188 liceat
835 2168 928 2189 com-

227 2201 374 2249 positum
403 2203 506 2235 (hill—
493 2217 596 2235 —murr
623 2203 771 2249 (italice
792 2206 932 2238 Cilmur-

226 2266 285 2295 ro
323 2252 403 2287 idest
432 2255 555 2286 Freado
581 2255 742 2301 Catarro)
771 2268 787 2289 a
821 2257 928 2303 Ponu-

226 2303 270 2337 lis
299 2303 342 2339 iis
363 2305 449 2337 olm
480 2305 690 2346 appellatum
721 2304 818 2340 fuisse
840 2319 931 2341 mor-

227 2353 308 2388 bum
352 2354 449 2388 istum
493 2368 686 2400 equorum:
732 2369 818 2401 quae
861 2370 929 2392 vox

227 2405 338 2450 postea
381 2405 417 2438 in
454 2407 598 2438 Cimurro
635 2404 808 2442 transierit
844 2407 933 2454 apud

227 2456 334 2489 Italos
353 2481 362 2490 .

295 2509 380 2540 Hoc.
421 2505 525 2545 Illud.
569 2507 632 2539 DJ!
670 2507 785 2542 Latino
815 2511 934 2547 Hence,

223 2557 320 2600 Ceae,
349 2558 430 2600 Ceo,
459 2559 550 2591 Cib:
579 2558 681 2592 verba
709 2557 787 2593 sunt
807 2557 934 2594 Mena-

526 223 891 269 DISSERTA’YIO
922 219 1442 277 TRIQESIMATERTIA
1454 230 1466 264 ;

974 288 1005 323 Α

982 739 1009 772 B

972 1187 1005 1225 C

1045 1243 1179 1290 Ct'uffo.

1101 282 1179 340 gii,
1215 280 1388 328 intrepide
1425 281 1640 317 decernentis
1656 241 1685 326 ‚7
1709 295 1748 316 ac
1784 279 1810 315 fi

1103 332 1247 371 audiffet
1278 331 1419 369 suismet
1456 331 1594 367 auribus
1633 333 1739 367 Italos
1767 345 1810 367 o-

1102 385 1167 420 lim
1190 383 1459 432 pronuntiantes
1488 381 1576 416 illud
1598 383 1801 421 luumCeoc,

1102 434 1306 471 conversum
1335 433 1447 483 postea
1473 433 1510 478 in
1536 435 1721 476 Ce0,c1>2.
1751 431 1808 467 U-

1102 499 1186 522 num
1215 499 1279 535 ego
1306 485 1414 526 novi,
1452 459 1621 521 videlicet
1649 482 1808 518 Gallicae

1101 537 1262 585 Linguae
1299 537 1364 573 effe
1399 540 1464 580 Ce,
1501 548 1721 584 pronomen,
1758 534 1810 568 la-

1101 588 1172 623 tius
1201 588 1307 623 etiam
1343 588 1447 635 quam
1483 586 1634 622 nostrum
1663 586 1721 619 Cia
1749 583 1810 619 ad-

1102 638 1277 674 hibitum.
1308 640 1450 674 Veteres
1478 640 1561 673 vero
1589 635 1741 679 Franci,
1769 647 1810 669 u-

1101 689 1130 724 ti
1152 689 1405 724 animadvertit
1426 687 1639 724 Hickefius
1629 700 1666 722 in
1681 688 1808 721 Gram-

1101 739 1230 775 marica
1259 741 1392 788 Anglo-
1401 739 1548 775 Saxonic
1553 752 1570 773 a
1608 751 1670 787 pro
1700 739 1743 770 Ce
1770 749 1810 771 u-

1100 789 1177 839 surp
1181 800 1282 826 arunt
1309 794 1391 833 Ceo,
1427 790 1511 826 idest
1539 793 1624 824 Hoc.
1663 790 1810 836 Propte-

1099 855 1156 877 rea
1159 805 1225 877 pab
1253 840 1331 889 ipfis
1360 841 1523 883 Francis,
1553 839 1641 875 olim
1670 838 1708 874 in
1738 840 1810 873 Ita-

1099 892 1148 927 lia
1176 891 1440 927 dominantibus
1469 904 1593 926 vocem
1621 890 1708 925 hanc
1730 890 1809 924 Tu-

1099 941 1147 977 sci
1186 942 1351 990 accepisse
1393 942 1576 977 videntur:
1623 954 1702 975 nam
1745 951 1809 973 nos

1098 993 1293 1028 Lombardi
1330 1006 1367 1028 ea
1403 992 1440 1028 in
1481 991 1652 1027 Dialeffis
1686 989 1808 1025 nostris

1097 1056 1169 1078 non
1190 1044 1344 1079 utimur.
1373 1043 1475 1078 Unde
1496 1056 1579 1078 vero
1601 1041 1809 1076 francicum

1097 1097 1162 1136 Ce,
1191 1097 1272 1138 Cet,
1301 1097 1410 1133 Cette,
1438 1095 1472 1128 δε
1502 1092 1694 1140 proprium
1704 1104 1746 1126 ne
1767 1089 1808 1124 fit

1097 1142 1196 1177 illius
1225 1143 1410 1199 indigenae
1438 1143 1624 1190 Linguae,
1657 1142 1698 1176 ab
1726 1139 1808 1176 aliis

1096 1192 1234 1228 edoceri
1263 1193 1389 1240 cupio.

1209 1245 1340 1278 Frontis
1366 1242 1558 1290 capillitium
1574 1268 1583 1277 .
1620 1239 1810 1289 Menagius

1097 1308 1116 1329 a
1144 1297 1258 1342 Tupha
1285 1294 1418 1338 traxit,
1449 1307 1516 1341 qua
1545 1306 1631 1328 voce
1659 1292 1735 1327 usus
1764 1291 1809 1326 est

1098 1346 1268 1392 Vegetius
1297 1346 1379 1381 Lib.
1410 1357 1443 1390 3.
1472 1347 1559 1391 Cap.
1590 1354 1623 1388 5.
1652 1354 1812 1378 veterum

1099 1394 1244 1427 vexilla
1281 1393 1496 1428 describens.
1533 1393 1669 1434 Crislam
1695 1407 1710 1426 e
1735 1394 1811 1437 plu-

1098 1444 1156 1477 mis
1184 1442 1305 1485 fuiffe‚
1342 1443 1483 1478 Eruditi
1523 1442 1698 1478 sentiunt.
1738 1444 1813 1477 Ve-

1099 1494 1182 1530 xilli
1210 1507 1350 1541 quoque
1385 1492 1532 1541 speciem
1572 1493 1637 1528 hoc
1666 1492 1813 1529 nomine

1099 1544 1331 1593 designatam,
1369 1558 1386 1579 a
1425 1545 1516 1579 Beda
1543 1543 1810 1590 intelligimus,

1099 1595 1163 1642 qui
1191 1596 1273 1630 Lib.
1304 1607 1336 1630 2.
1365 1594 1495 1630 Histor.
1522 1596 1610 1642 Cap.
1643 1594 1698 1629 16.
1727 1594 1814 1629 scri-

1100 1646 1176 1680 bit:
1208 1647 1297 1680 Illud
1325 1645 1444 1679 Vexilli
1475 1658 1597 1691 genus,
1635 1647 1716 1690 quod
1744 1649 1813 1678 Ro-

1100 1697 1188 1731 mani
1217 1696 1346 1740 Tufan,
1373 1696 1483 1742 Anglt
1512 1696 1676 1742 appellant
1704 1695 1812 1738 wa,

1100 1758 1174 1782 ante
1193 1761 1260 1781 eum
1286 1747 1360 1789 ferri
1384 1748 1526 1791 solebat.
1555 1746 1616 1781 Sed
1648 1744 1715 1780 sive
1737 1745 1813 1779 Cri-

1093 1799 1163 1841 stae
1197 1812 1213 1832 e
1246 1798 1364 1844 plumis
1388 1825 1398 1842 ,
1445 1796 1512 1832 sive
1551 1797 1669 1831 Vexitti
1706 1808 1814 1844 genus

1101 1848 1231 1884 fuerint
1259 1849 1382 1893 Tusae,
1411 1861 1514 1883 nemo
1543 1857 1633 1882 certe
1663 1847 1726 1881 hac
1749 1860 1813 1883 vo-

1101 1913 1139 1934 ce
1177 1899 1252 1935 usus
1281 1899 1379 1942 fuit,
1416 1902 1456 1934 ad
1494 1898 1718 1946 delignandos
1756 1911 1814 1932 ca-

1099 1943 1208 1998 pillos
1229 1950 1338 1986 fronti
1368 1950 1681 1996 supereminentes.
1713 1950 1814 1984 Prae-

1101 2011 1194 2036 terea
1241 2002 1303 2036 vix
1351 2001 1435 2045 Tusa
1479 1999 1683 2035 conversum
1725 2013 1815 2035 nun-

1102 2065 1204 2099 quam
1235 2051 1341 2087 fuerit
1369 2052 1407 2087 in
1435 2052 1567 2097 Ciuffo.
1601 2049 1704 2085 ⁴Mihi
1735 2052 1815 2085 lon-

1101 2115 1143 2150 ge
1171 2102 1395 2138 verisimilius
1431 2101 1503 2141 est,
1542 2102 1689 2140 manasse
1727 2103 1816 2136 hanc

1101 2166 1224 2188 vocem
1254 2167 1272 2188 e
1299 2154 1517 2188 Germanico.
1538 2153 1656 2198 vaff,
1685 2150 1816 2200 fignifi-

1103 2213 1203 2238 cante
1231 2204 1356 2238 Cirrum
1395 2205 1600 2249 capillorum,
1639 2202 1723 2238 five
1744 2203 1818 2249 api-

1103 2268 1187 2293 cem,
1212 2253 1397 2299 fastigium,
1426 2255 1546 2288 culmen
1573 2254 1688 2297 crinis.
1709 2255 1817 2295 Hinc

1087 2305 1203 2349 'Zuff,
1230 2307 1322 2351 quod
1352 2304 1571 2340 Mutinenses
1598 2303 1634 2339 ἃ
1665 2303 1816 2340 Meniol.

1104 2355 1214 2390 adhuc
1258 2356 1439 2395 retinent,
1482 2355 1589 2390 Tusci
1630 2359 1711 2390 vexo
1755 2368 1817 2402 pro

1106 2419 1202 2441 more
1231 2405 1290 2441 suo
1320 2407 1354 2441 in
1394 2407 1501 2451 uiuffiz
1539 2416 1816 2442 converterunt.

1106 2457 1212 2501 Quod
1244 2456 1460 2504 potiffirriim
1491 2471 1528 2493 ea
1559 2470 1644 2492 voce
1665 2456 1818 2503 designa-

1103 2518 1224 2543 rentur
1260 2509 1357 2543 Cirri
1403 2509 1645 2547 imminentes-
1672 2505 1817 2550 Proeti,

1106 2563 1288 2608 propterea
1314 2561 1415 2593 Frons
1452 2558 1526 2606 ipsa
1561 2572 1623 2607 per
1649 2569 1721 2592 eam
1756 2569 1819 2592 vo-

1689 2619 1765 2643 cem
