2169 3047
723 207 767 249 Α
777 207 823 249 Ν
829 206 900 249 TI

366 267 414 302 set
459 266 568 300 Svelto
609 266 651 302 ab
688 268 873 303 Evolutus.
917 264 1076 301 Difficile
1117 265 1149 300 A

365 316 523 354 credam.
554 317 611 352 Ab
647 319 849 360 Exvolvere,
878 316 933 352 seu
971 317 1076 351 Evol-

365 382 440 404 vere
467 367 637 404 traximus
673 369 847 412 svolvere,
875 365 914 403 &
945 369 1076 402 Svotto.

366 418 468 456 Mihi
506 420 621 467 potius
662 418 839 458 creditur,
876 419 918 453 ab
955 418 1077 453 eodem

369 470 488 506 Eueno
512 469 660 504 manasse
684 470 793 504 Svelto
817 468 859 503 ad
882 468 1078 517 significan-

368 521 450 556 dam
487 520 721 555 membrorum
749 519 969 565 Agilitatem,
1003 532 1080 554 mu-

370 581 435 607 tuo
462 570 602 616 accepta
628 568 882 617 significatione
913 582 932 604 a
961 568 1079 604 pieto-

371 622 467 658 ribus
480 648 489 663 ,
510 620 635 667 quibus
655 634 719 654 una
738 621 863 666 Figura
881 620 996 654 svelea
1021 633 1081 667 ap-

329 704 333 707 *
372 672 547 721 pellatur,
584 683 671 717 quae
707 670 759 705 ita
794 670 976 705 efformata
1009 669 1083 712 est,

373 730 413 757 ut
451 719 563 756 veluti
597 720 707 762 evulsa
734 733 751 755 e
787 720 906 755 tabula
943 733 1084 755 movere
1129 733 1158 767 Β

373 771 408 808 se
435 771 617 812 videatur,
645 769 683 806 &
712 770 897 818 quamdam
930 770 1086 819 Agilita-

375 832 448 858 tem
477 821 711 857 membrorum
743 834 820 869 prae
849 820 881 856 se
908 820 1015 856 ferat.

327 874 509 919 Svezzare.
527 872 709 908 Ablaffare
721 900 730 915 ,
748 882 787 907 ut
806 872 997 919 opinantur
1015 874 1088 906 Vo-

380 923 552 960 cabularii
576 922 776 959 Florentini
801 922 1014 970 Scriptores.
1037 924 1091 956 Da

380 977 487 1019 Vezzo
513 974 564 1008 nel
583 972 764 1020 significato
788 973 825 1007 di
859 973 986 1015 coslume
1012 985 1092 1020 pro-

381 1025 452 1060 diit
474 1024 540 1059 hoc
561 1024 705 1060 verbum
718 1049 728 1064 ‚
747 1023 868 1072 inquit
885 1023 1072 1071 Menagius
1085 1049 1093 1057 .

383 1075 478 1111 Illud
503 1084 636 1110 certum
661 1074 727 1113 est,
752 1078 914 1120 Svezzare
942 1073 1034 1109 nihil
1060 1086 1096 1107 a-

385 1126 461 1161 liud
489 1125 553 1160 effe
581 1124 643 1160 nisi
672 1125 923 1170 Disavezzarffi-
949 1123 1006 1159 seu
1034 1123 1097 1158 Di-

380 1177 539 1221 Jvezzare
566 1174 807 1209 contrafium.
844 1175 969 1221 Neque
1003 1173 1098 1208 enim
1135 1184 1167 1219 C

385 1224 527 1274 proprie
554 1227 717 1270 Svezzare
741 1222 910 1272 fignificat
935 1222 1098 1259 Ablaffla-

387 1289 440 1312 re,
468 1275 522 1308 uti
549 1273 611 1306 fibi
644 1273 833 1318 persuasere
870 1272 978 1305 iidem
1008 1272 1098 1304 Scri-
1122 1262 1127 1324 Ι

389 1332 527 1368 ptores,
555 1320 609 1356 sed
638 1320 779 1368 quidem
813 1320 1012 1363 Desuescere‚
1041 1327 1102 1354 aut

387 1369 615 1418 Desuefacere.
652 1374 814 1417 Svezzato
849 1370 940 1405 dalla
973 1379 1104 1416 poppa,

390 1427 555 1468 Svezzato
589 1422 626 1458 di
662 1422 845 1468 masagium,
872 1424 1035 1464 Svezzato
1069 1419 1106 1453 di

392 1478 532 1513 vedere:
555 1473 714 1520 exempla
743 1470 821 1506 sunt
843 1484 862 1506 a
888 1469 1106 1506 Florentinis

394 1524 582 1576 produffla.
619 1521 808 1571 Menagius
846 1525 929 1557 vero
966 1521 1008 1557 ad
1045 1534 1106 1555 vo-

395 1589 470 1612 cem
501 1577 604 1620 Vezzo
642 1582 764 1622 putat,
791 1577 959 1618 ,Avvezzo
986 1581 1107 1607 natum

395 1641 414 1664 e
453 1625 574 1661 Vitium
609 1623 764 1661 Latino.
801 1622 901 1659 Mihi
940 1621 1107 1658 verifimi·
1144 1634 1177 1668 D

395 1677 465 1714 lius
494 1676 669 1719 creditur,
697 1688 741 1711 ex
768 1672 920 1720 Affuetus
947 1674 1109 1708 efforma-

396 1738 473 1765 tum
510 1726 609 1762 fuisse
644 1725 860 1771 Adsuen'are,
897 1725 1110 1770 Asvezzare,

395 1783 621 1823 Avvezzare,
649 1776 740 1812 unde
766 1780 963 1821 Avvezzo;
988 1788 1027 1810 ac
1056 1775 1110 1810 in-

358 1854 365 1864 .
397 1830 440 1866 de
462 1828 657 1865 desumtum
683 1827 950 1872 Disavvezzare,
971 1826 1112 1871 Disvez-

397 1894 474 1927 zare
500 1881 533 1915 &
561 1883 745 1925 Svezzare.

350 1933 479 1976 Suppa.
507 1933 565 1975 Jus
594 1929 750 1966 carnium
780 1942 859 1965 cum
889 1941 995 1977 pane.
1022 1926 1114 1962 Vide

403 1980 689 2017 Differ-tationem
730 1983 842 2015 XXV.
870 1982 908 2013 de
939 1978 1114 2013 Textrina.

350 2030 487 2074 Sufina.
524 2034 685 2067 prunum.
724 2033 757 2067 A
796 2030 916 2076 Syriai,
945 2028 1004 2065 ubi
1042 2010 1140 2063 τηε-Ι

403 2095 474 2133 gno
500 2080 538 2117 in
574 2081 689 2128 pretio
716 2081 809 2117 fuere
844 2084 956 2121 Pruna
993 2082 1116 2114 Dama·
1151 2091 1181 2124 E

396 2133 513 2178 scena,
542 2140 642 2179 putat
680 2130 891 2178 Menagius,
921 2129 1116 2165 derivatam
1140 2149 1142 2177 3

404 2182 470 2217 effe
507 2194 630 2217 vocem
667 2180 805 2223 Salina,
836 2178 928 2227 quasi
965 2180 1142 2224 Syriacas*

404 2231 589 2280 Ejusmodi
631 2229 897 2278 Etymologiam
939 2242 1008 2264 non
1051 2229 1118 2265 fert

404 2283 588 2318 literarum
625 2280 738 2316 nimia
774 2279 969 2316 diverfitas.
1008 2280 1114 2315 Arbi—

404 2341 482 2368 tror
517 2345 604 2380 ego,
632 2330 685 2367 uti
724 2334 834 2366 Pruna
870 2330 1063 2374 Damascena
1101 2343 1118 2366 e

406 2382 573 2420 Civitate
594 2380 756 2418 Damasci
781 2394 910 2416 nornen
936 2393 1118 2427 accepere,

407 2433 460 2469 ita
486 2432 602 2474 Susino
640 2445 656 2468 e
684 2432 764 2475 Susa
793 2430 921 2466 celebri
957 2431 1118 2466 Civitare

409 2483 542 2520 Perfiae
568 2482 742 2531 originem
774 2481 936 2522 traxisse,
965 2494 1051 2528 quae
1079 2494 1116 2516 o-

411 2534 476 2571 lim
506 2534 618 2583 Regni
647 2541 749 2582 caput
776 2531 867 2572 fuit.
902 2531 1022 2568 Plinio
1050 2544 1121 2582 ine-

378 223 484 251 1011

907 205 1091 264 ,Qum
1133 203 1279 247 MED
1290 202 1348 245 11
1382 202 1540 246 ARV]

1780 223 1887 251 1012

1244 270 1403 298 moratur
1435 262 1543 297 Oleum
1569 263 1738 309 Sufinum,
1766 264 1803 302 ἃ
1841 279 1882 302 ex
1911 280 1949 303 ea

1245 313 1340 350 Urbe
1367 312 1536 362 ejusmodi
1564 316 1757 364 appellatio
1784 317 1904 354 venit.

1524 414 1622 504 T

1295 566 1416 602 Accia.
1443 565 1598 605 Macula,
1635 564 1762 606 Labes,
1796 566 1954 611 Infamia.

1321 618 1489 659 Tucciare,
1518 614 1722 660 Infimulare,
1750 617 1863 651 crimen
1892 619 1957 653 ali-

1247 666 1297 700 cui
1320 666 1451 709 inferre.
1477 666 1535 700 Ab
1561 666 1709 714 antiquo
1734 671 1844 714 TagO,
1864 667 1957 715 quod

1247 716 1343 752 idem
1370 716 1416 752 est
1442 724 1547 763 atque
1572 720 1706 764 Tango,
1729 717 1841 754 trahit
1867 718 1956 753 hanc

1249 779 1374 802 vocem
1416 765 1630 815 Menagius,
1667 768 1869 804 Salmafium
1909 768 1961 803 se·

1250 827 1400 865 quutus.
1437 816 1714 858 Animadverte,
1741 831 1783 855 an
1816 818 1961 866 expedi-

1252 868 1338 903 tiori
1376 867 1434 902 via
1469 867 1594 903 deduci
1633 868 1736 915 poffit
1772 882 1791 904 e
1827 869 1961 904 Latino

1252 923 1397 954 Taxare.
1424 917 1588 954 'restibus
1615 919 1735 957 Plinio
1768 918 1902 955 seniore
1928 920 1963 953 &

1255 969 1374 1012 Festo,
1402 969 1492 1017 apud
1521 978 1653 1005 veteres
1680 973 1805 1005 Taxaro
1833 968 1964 1018 fignifi-

1255 1019 1352 1055 cavit
1376 1020 1484 1055 etiarn
1506 1020 1697 1054 Maledic‘lis
1720 1031 1865 1067 tangere.
1888 1022 1963 1056 Nos

1255 1070 1450 1106 Lombardi
1478 1070 1589 1106 adhuc
1619 1071 1810 1107 retinemus
1838 1074 1887 1106 Ta
1915 1084 1966 1104 are

1257 1120 1375 1156 eadem
1403 1120 1677 1163 significatione.
1713 1120 1823 1158 Tusci
1855 1135 1873 1157 e
1899 1125 1967 1155 Ta-

1257 1170 1365 1212 xiare,
1405 1171 1571 1214 Taffiare,
1613 1171 1732 1205 sensim
1776 1171 1967 1206 efformaffe

1259 1228 1448 1269 potuerunt
1475 1219 1642 1262 Tucciare,
1665 1220 1698 1254 ὅ(
1727 1219 1808 1254 inde
1833 1221 1968 1259 Tuccia,

1260 1270 1314 1302 uti
1336 1271 1370 1300 &
1395 1268 1516 1304 Galli,
1536 1268 1598 1311 qui
1623 1272 1711 1300 Taxe
1736 1269 1971 1305 immutarunt

1261 1316 1299 1351 in
1324 1315 1444 1349 Tacbc.
1469 1314 1633 1350 Fortaffis
1658 1315 1765 1351 etiam
1792 1317 1973 1352 Gallicum

1262 1366 1364 1401 Tache
1405 1365 1506 1401 nobis
1547 1365 1644 1401 dedit
1684 1368 1816 1402 Tuccia.
1854 1369 1974 1403 Habet

1263 1415 1446 1452 Dialeffius
1482 1415 1735 1452 Mutinenfium
1778 1422 1895 1463 Tecca,
1933 1417 1974 1453 sl-

1264 1467 1435 1517 gnificans
1462 1468 1672 1507 Labeculam,
1696 1469 1870 1504 Mendam.
1899 1468 1975 1505 Mi-

1265 1518 1361 1554 nime
1399 1517 1540 1554 videtur
1575 1517 1729 1554 diversae
1769 1518 1920 1568 originis
1956 1532 1976 1555 a

1265 1570 1398 1605 Tuccia.
1421 1571 1540 1615 Quare
1565 1568 1869 1610 confiderandum,
1892 1583 1978 1606 num

1265 1621 1382 1663 Teela,
1410 1623 1558 1660 Teclare,
1586 1621 1772 1660 Teclatura,
1798 1633 1886 1668 quae
1913 1634 1977 1655 vo-

1267 1671 1390 1706 cabula
1417 1670 1454 1706 in
1483 1670 1640 1719 Legibus
1664 1671 1976 1720 Langobardorum

1267 1731 1458 1758 occurrunt
1485 1721 1525 1756 ad
1564 1720 1822 1770 significandam
1857 1722 1979 1763 incifio-

1269 1786 1338 1806 nem
1370 1771 1497 1807 fastam
1525 1771 1563 1806 in
1600 1772 1780 1808 arboribus
1809 1772 1980 1808 termino-

1269 1835 1347 1859 rum
1388 1821 1564 1857 indicibus
1581 1848 1590 1865 ‚
1633 1821 1807 1869 originem
1854 1822 1980 1858 dedisse

1271 1872 1451 1922 potuerint
1489 1871 1659 1920 ejusmodi
1696 1872 1797 1907 voci.
1834 1871 1890 1906 Est
1917 1886 1982 1908 no—

1271 1923 1324 1959 bis
1361 1922 1469 1959 etiam
1506 1926 1632 1962 Tucca,
1670 1921 1808 1971 proprie
1849 1922 1980 1971 fignifi-

1273 1987 1352 2010 cans
1370 2001 1379 2017 ,
1421 1973 1475 2008 uti
1522 1983 1732 2009 monuerunt
1773 1974 1981 2009 Academici

1272 2026 1358 2060 della
1384 2023 1499 2067 Crusca
1525 2024 1563 2059 in
1594 2023 1852 2066 Vocabulario,
1880 2026 1981 2058 modi-

1272 2088 1339 2110 cam
1366 2073 1560 2115 incisionem.
1588 2073 1652 2109 Sed
1678 2075 1712 2108 ἃ
1740 2073 1853 2122 ipsum
1882 2078 1982 2109 Tacca

1273 2123 1445 2173 significat
1468 2125 1654 2167 Maculam,
1676 2124 1818 2169 Vitium,
1840 2124 1959 2160 Labem
1973 2149 1982 2164 ‚

1273 2175 1326 2211 ita
1363 2185 1401 2211 ut
1437 2187 1507 2209 non
1547 2174 1777 2222 distinguatur
1819 2188 1929 2222 neque
1965 2188 1984 2210 a

1275 2227 1409 2265 Tuccia,
1438 2238 1549 2271 neque
1576 2237 1594 2260 a
1626 2228 1742 2260 Tecca.
1779 2223 1888 2261 Certe
1915 2237 1984 2259 non

1275 2275 1464 2312 subscribas
1489 2275 1680 2323 Menagio,
1701 2275 1877 2311 derivanti
1902 2278 1982 2310 Ta:-

1275 2341 1310 2362 ca
1337 2340 1355 2361 a
1382 2326 1542 2368 Taliare;
1568 2339 1680 2373 neque
1717 2325 1897 2364 Ferrario,
1922 2324 1981 2357 de-

1276 2375 1418 2412 ducenti
1442 2376 1485 2411 ab
1509 2379 1680 2411 Attaccare
1702 2376 1832 2413 Italico
1857 2373 1960 2407 verbo
1975 2398 1983 2407 .

1278 2427 1436 2462 Primum
1478 2426 1592 2464 literis
1634 2426 1784 2462 nimium
1826 2421 1926 2457 distat
1964 2435 1983 2457 a

1277 2481 1401 2512 Tucca:
1421 2478 1569 2517 alterum
1592 2473 1841 2524 significatione
1865 2472 1982 2508 diver-

1278 2526 1352 2564 sum
1379 2527 1443 2564 est.
1471 2530 1595 2574 Neque
1622 2521 1982 2610 Dii-Gangiussfacile

1793 2585 1852 2622 per
1871 2585 1930 2609 ua-
