2169 3047
356 198 438 250 843
703 189 1074 248 ANTIQUJT.
1115 187 1329 233 MEDJJ
1364 190 1528 234 ΑΕΗ
1582 216 1587 220 -
1790 196 1876 259 844

292 256 454 289 Guazare.
475 256 612 289 Attente
629 251 804 298 Aspicere,
822 248 1055 289 Iuturna-Uti
1095 252 1130 287 A

344 306 386 340 ad
430 317 552 341 vocem
594 307 729 350 Aguato
769 301 872 341 dixi,
910 310 1054 349 repeto,

344 355 546 403 caespitaffe
571 355 607 391 in
639 355 740 402 plana
767 351 946 402 superficie
974 354 1053 387 Per·
1092 373 1093 377 =

343 408 475 444 tarium
513 407 547 442 &
575 405 809 453 Menagium,
837 404 917 439 dum
948 403 1009 438 ille
1038 415 1055 436 a

346 458 503 501 Vifinre,
524 457 582 492 hic
607 470 625 491 a
646 455 820 491 somniato
847 457 952 490 verbo
977 456 1054 487 Cat-

344 519 413 545 tare
452 522 513 558 pro
552 509 688 551 Videre,
727 505 876 540 nostrum
917 507 1056 539 Guatare

344 559 542 595 derivatum
581 556 643 592 fibi
681 555 877 591 finxerunt.
914 556 948 589 A
977 556 1055 588 Wa-

346 610 422 653 ίῖα,
459 612 582 652 Gueta,
607 610 756 646 <Gutum
793 606 934 644 Gemitu,
968 606 1047 639 Ger-

345 660 484 696 manica
516 667 607 693 ‘voce
635 657 751 705 (nunc
786 656 924 703 Wache)
952 653 1050 703 signi-

346 710 474 746 ficante
516 707 702 750 Exsubias,
739 705 777 742 &
819 706 978 741 homines
1015 706 1054 740 ad

345 759 593 808 speculandum
623 756 771 805 positos,
797 770 838 792 an
866 755 968 791 hostis
996 756 1054 790 ad-

345 810 489 854 veniat,
529 810 751 845 efformatum
794 807 861 842 fuit
904 807 1055 842 vocabu-

345 863 422 898 lum
450 860 559 903 istud,
588 870 692 907 atque
719 872 738 893 e
768 857 939 901 Wacslare,
969 860 1050 892 Gua-

346 923 440 956 tare‚
483 910 566 946 idest
606 909 794 958 Speculari.
839 907 1057 944 Mutinenses

346 963 458 998 adhuc
494 961 664 1009 Sguaitare
696 960 896 1009 appellant,
925 967 1058 995 attente

347 1012 478 1049 intueri
507 1013 645 1048 occulta
674 1011 824 1047 aliorum
854 1010 956 1046 affra.

297 1066 487 1110 Guazzare,
512 1067 715 1110 Sguazzare.
746 1063 864 1097 Plures
891 1061 994 1096 habet
1019 1059 1057 1094 fi-

347 1114 615 1163 gnificationes.
643 1116 704 1147 Per
739 1113 895 1146 dIbattere
930 1111 991 1154 cose
1017 1110 1057 1143 li-

346 1166 463 1212 quide,
484 1164 535 1199 ait
559 1162 768 1209 Menagius,
787 1163 831 1194 da
856 1161 1060 1206 Aquariure,

348 1214 433 1250 idest
462 1227 480 1249 a
508 1214 637 1255 verbo,
665 1211 758 1259 quod
785 1210 857 1259 ipsc
887 1210 948 1246 fibi
977 1223 1060 1246 con—

347 1264 477 1305 finxit,
497 1266 530 1299 8<
553 1263 643 1310 quod
666 1276 684 1297 e
711 1261 975 1310 propinquitate
996 1274 1060 1295 vo-

347 1315 398 1350 cis
436 1314 538 1348 facile
576 1312 725 1347 credulis
762 1311 944 1356 imponat.
973 1311 1058 1348 Sub-

346 1364 422 1400 dit:
462 1367 522 1398 Per
555 1360 675 1408 Paffare
709 1374 730 1395 a
761 1363 915 1404 Guazg‘o,
943 1373 963 1393 a
997 1361 1057 1394 Va-

344 1416 440 1451 dum.
461 1413 524 1449 Sed
551 1413 633 1447 haec
656 1410 777 1446 omnia
800 1409 902 1445 nauci
930 1408 1058 1445 facien-

346 1466 412 1502 da.
441 1464 552 1501 Aliud
590 1463 635 1499 est
670 1465 782 1496 Guado
817 1462 851 1495 &
890 1462 1059 1506 Guadare,

346 1516 440 1565 quod
481 1527 598 1551 revera
634 1526 652 1548 e
693 1511 825 1548 Latino
864 1513 987 1546 Vadam
1023 1524 1056 1546 e-

344 1566 483 1606 merfit,
511 1564 606 1600 aliud
635 1566 788 1609 Guazzo.
826 1563 918 1597 Tam
947 1565 1057 1608 (ἔπαξ-

345 1631 440 1662 zare,
468 1619 572 1664 quam
601 1618 755 1662 Guazzo,
783 1613 825 1648 ab
855 1626 925 1648 uno
954 1626 1058 1648 voca—

345 1669 430 1703 bulo
457 1666 687 1714 Germanicae
724 1663 885 1713 Linguae
917 1662 1058 1711 Waffer,

342 1723 476 1766 Aquam
517 1716 734 1766 significante
750 1743 761 1760 ,
802 1725 864 1751 aut
882 1749 885 1750 γ
903 1717 1033 1749 Watten
1049 1740 1059 1756 ‚

343 1769 410 1805 hoc
438 1769 482 1805 est
510 1771 645 1803 Flumen
673 1766 854 1814 Trajicere,
881 1764 1057 1814 originem

307 1852 309 1854 ,
343 1820 508 1856 trahunt.
548 1818 788 1868 Repetendum
824 1816 957 1864 semper
986 1817 1058 1861 est,

343 1870 594 1906 Germanicum
619 1867 680 1906 W.
707 1883 727 1904 a
751 1868 852 1904 nobis
877 1867 974 1903 reddi
1000 1881 1059 1916 per

343 1922 426 1956 GV.
461 1921 630 1957 Germani
662 1934 680 1956 e
710 1918 829 1965 Waffer
866 1919 994 1955 multas
1022 1932 1055 1953 a-

344 1970 411 2007 lias
449 1985 550 2007 voces
587 1972 836 2014 efformarunt,
876 1979 958 2020 puta
995 1972 1056 2003 Ge·

344 2020 481 2067 waffir,
504 2024 714 2065 Inundazione
727 2050 736 2065 ,
757 2020 922 2067 Waffern,
943 2021 1056 2055 Adae-

343 2085 439 2119 quare
460 2071 533 2109 &aa
556 2072 741 2116 Propterea
761 2071 888 2117 Paffare
906 2086 927 2106 a
946 2073 1056 2115 Gunz-

343 2135 382 2166 (ο
419 2120 590 2170 fignificat
619 2119 825 2167 {impliciter
859 2134 973 2167 aquam
1000 2131 1056 2167 pe-

343 2172 435 2207 dibus
472 2169 615 2216 trajicere
652 2170 720 2206 fine
757 2171 829 2205 ulla
866 2169 1054 2205 confidem-

344 2223 445 2259 tione
482 2222 593 2259 vadi.
636 2219 892 2257 Mutinensibus
928 2223 1055 2267 Sguaz-

344 2286 460 2318 (arone
495 2272 539 2308 est
566 2273 723 2308 Nimbus.
759 2274 965 2318 ngzzzme,
993 2274 1053 2305 Ge-

343 2325 396 2358 nio
423 2325 606 2370 indulgere,
635 2323 676 2359 ab
704 2332 844 2359 anatum
874 2334 969 2357 more
997 2322 1054 2357 de—

343 2374 487 2410 duc’mm
516 2374 582 2418 est,
610 2374 950 2422 quarumrvoluptas
982 2385 1054 2407 ma—

313 2471 315 2474 .
345 2425 399 2473 jor
426 2427 463 2461 in
491 2439 579 2473 aqua
613 2434 753 2466 natare.

294 2478 441 2512 Guercio.
477 2479 611 2515 Strabo,
642 2479 781 2519 Paetus,
810 2473 905 2509 oculis
942 2473 1053 2515 distor-

343 2527 385 2562 tis
409 2527 552 2563 inruens.
568 2527 658 2562 >Hoc
678 2524 779 2563 sensu
805 2532 951 2562 utuntur
972 2525 1054 2560 Flo—

1223 248 1379 285 rentini.
1421 250 1514 287 Vide
1554 250 1773 300 Linguarum
1817 266 1930 288 vaces.

1223 298 1463 341 Mutinenses,
1492 302 1623 351 aliique
1662 303 1810 351 Populi,
1836 306 1929 338 Stra-

1189 379 1191 382 4
1222 353 1326 387 lumem
1363 353 1455 396 Losco
1490 355 1695 402 appellant,
1733 367 1841 402 quum
1878 363 1930 390 ta·

1223 414 1301 438 men
1329 404 1444 447 Luscus
1472 404 1614 440 Latinis
1641 406 1770 449 Cocles,
1799 404 1866 440 sive
1894 419 1931 440 u-

1223 455 1348 488 noculus
1376 453 1474 489 fuisse
1501 455 1683 491 credatur.
1718 456 1844 491 Rursus
1873 469 1932 491 ve-

1221 507 1261 539 τὸ
1302 505 1430 538 Guercio
1471 506 1674 538 Monoculum
1713 507 1931 543 Mutinensez

1223 553 1367 596 dicunt,
1397 566 1503 599 quum
1533 564 1649 589 tamen
1687 556 1814 590 Tuscis
1839 560 1932 592 Stra-

1223 607 1328 638 bonem
1357 603 1472 639 sonet.
1504 606 1535 639 A
1565 605 1698 640 Latino
1736 606 1846 650 Versus
1875 607 1932 641 de-

1224 654 1371 690 ducebat
1409 655 1595 704 Menagius
1631 657 1786 690 Guercioe
1811 670 1828 692 a
1860 660 1933 691 Vua-³-

1223 706 1316 739 ticius
1343 704 1517 741 somniato
1544 706 1715 742 vocabulo
1737 708 1933 743 Ferrarius.

1225 756 1288 791 Sed
1332 757 1634 803 perpendendum,
1676 771 1718 793 an
1761 758 1879 806 potius
1915 773 1933 794 a

1225 806 1437 842 Germanico
1467 808 1580 847 de,
1608 808 1701 856 qnod
1731 810 1933 848 Flaccidum,

1226 861 1398 903 Languens
1437 856 1628 906 significat,
1666 858 1934 907 subintelligen-

1227 908 1271 943 do
1298 907 1423 947 Oculis,
1451 921 1625 957 emergere
1658 910 1832 957 potuerit.
1860 910 1935 956 Qui

1226 957 1316 993 mihi
1359 958 1501 994 audacia
1542 972 1655 994 carere
1696 959 1933 1008 conjeffiuram

1225 1008 1313 1043 hanc
1350 1008 1488 1053 suadet,
1516 1010 1561 1045 est
1596 1010 1768 1054 Iohannes
1806 1012 1846 1046 de
1879 1013 1936 1054 Ja-

1224 1072 1292 1094 nua
1330 1062 1418 1107 apud
1462 1061 1714 1110 Du·Cangium
1757 1061 1933 1097 scribens:

1224 1112 1365 1147 Paetus,
1402 1110 1478 1151 idest
1518 1112 1676 1149 Guelcus,
1718 1111 1832 1146 Strabo
1871 1113 1936 1148 ali-

1223 1162 1431 1206 quantulum.
1463 1161 1528 1194 Pro
1555 1162 1681 1194 Guel:io
1710 1161 1819 1208 postea
1851 1162 1932 1197 Itali

1223 1209 1379 1244 dixerint
1395 1211 1542 1245 Guercio.
1561 1210 1662 1246 Alibi
1682 1212 1827 1254 monui,
1845 1212 1935 1248 Lin-

1223 1273 1327 1307 guam
1354 1259 1498 1294 nostram
1523 1260 1603 1295 aliis
1627 1261 1664 1295 in
1686 1261 1831 1297 vocibus
1857 1275 1934 1298 mu-

1224 1309 1306 1342 taffe
1334 1312 1372 1342 L.
1402 1308 1438 1342 in
1469 1313 1512 1343 R.
1541 1310 1574 1343 8<
1603 1310 1682 1344 vice
1710 1313 1824 1346 versa.

1172 1358 1273 1402 Guso.
1300 1360 1408 1393 Bubo.
1434 1360 1515 1393 Vox
1541 1358 1584 1393 est
1606 1359 1824 1396 Tuscorum.
1849 1361 1935 1398 Mu-

1223 1407 1374 1444 tinenses
1392 1409 1569 1457 appellant
1586 1411 1830 1457 Barbagianni.
1841 1413 1934 1448 Tam

1226 1460 1427 1504 Ferrarius,
1464 1460 1569 1507 quam
1607 1462 1814 1510 Menagius,
1842 1463 1936 1511 quod

1222 1510 1415 1558 repererint
1455 1510 1543 1556 apud
1584 1511 1748 1560 antiquos
1786 1513 1934 1558 villosam

1222 1562 1335 1603 vestem
1356 1562 1566 1608 appellatam
1590 1561 1687 1598 fuiffe
1707 1564 1822 1608 Cusam
1836 1591 1845 1607 ,
1867 1567 1936 1598 Gu-

1105 1621 1137 1655 D
1218 1612 1308 1657 fam,
1337 1612 1419 1648 inde
1450 1611 1511 1647 fibi
1549 1612 1764 1661 persuasere,
1795 1615 1934 1651 Buboni

1223 1662 1317 1699 indit
1417 1661 1515 1698 fuiffe
1551 1676 1679 1699 nomen
1716 1665 1819 1709 Gufo,
1855 1668 1936 1712 quod

1222 1713 1338 1754 densis>
1370 1744 1371 1747 ,
1390 1727 1424 1748 ca
1446 1713 1572 1756 rostrum
1590 1715 1706 1760 plumis
1732 1716 1935 1759 inhorrescat.

1225 1766 1383 1802 Numera
1417 1762 1455 1799 ἃ
1485 1763 1550 1800 hoc
1586 1764 1680 1800 inter
1717 1765 1870 1801 somnia.
1898 1767 1934 1802 Si

1225 1813 1440 1863 Analogiam
1469 1813 1563 1850 inter
1596 1814 1739 1851 villosas
1767 1816 1874 1851 vestes
1900 1818 1934 1852 &

1226 1878 1327 1901 avem
1364 1865 1527 1901 inducere
1565 1865 1648 1908 vis,
1685 1867 1780 1902 nulla
1817 1867 1862 1902 est
1899 1880 1935 1902 a-

1226 1916 1350 1960 vium,
1378 1929 1481 1963 quarn
1521 1915 1677 1952 Bubonis
1708 1929 1779 1952 non
1816 1918 1935 1954 deceat

1226 1980 1375 2002 nomen.
1405 1966 1498 2002 Vide
1528 1966 1669 2014 potius,
1697 1971 1738 2002 an
1778 1981 1848 2004 vox
1877 1968 1935 2004 ista

1226 2031 1269 2053 ex
1298 2017 1442 2064 antiqua
1478 2019 1682 2053 Teutonum
1719 2017 1861 2067 Lingua
1894 2019 1935 2054 ad

1225 2068 1360 2104 Tuscos
1387 2068 1514 2104 venisse
1541 2068 1714 2116 potuerit.
1741 2069 1781 2105 In
1807 2069 1935 2105 Gloffis

1228 2119 1387 2154 Rhabani
1416 2118 1535 2153 Mauri
1571 2119 1612 2153 ab
1640 2120 1794 2154 Eccardo
1831 2120 1936 2155 editis

1227 2172 1335 2205 Tom.
1374 2181 1406 2205 2.
1437 2169 1566 2205 Histor.
1604 2172 1725 2204 Franc.
1761 2170 1934 2206 Oriental.

1227 2220 1392 2255 habemus
1430 2223 1589 2255 Bubonem
1624 2231 1863 2265 nuncupatum
1880 2222 1933 2255 ’.Π-

1221 2271 1303 2316 fun.
1333 2270 1386 2306 lta
1414 2284 1553 2317 quoque
1581 2270 1617 2306 in
1658 2270 1786 2305 Gloffis
1817 2270 1933 2306 Theo-

1228 2321 1324 2356 tiscis
1353 2334 1395 2356 ex
1425 2320 1589 2357 Medicea
1627 2321 1846 2356 Bibliotheca
1874 2318 1933 2353 de-

1188 2409 1202 2412 „
1228 2370 1403 2420 promtis,
1430 2369 1469 2406 &
1497 2371 1539 2406 ab
1567 2373 1688 2406 eodem
1719 2368 1871 2404 Eccardo
1897 2382 1933 2404 e—

1227 2421 1336 2463 ditis,
1362 2421 1518 2458 occurrit
1553 2422 1666 2458 Buba,
1703 2422 1818 2453 Huvo.
1858 2420 1932 2454 Nos

1228 2472 1454 2519 antiquorum
1480 2476 1523 2507 H.
1547 2483 1606 2517 per
1628 2471 1701 2502 CH.
1726 2468 1932 2515 pronuntia·

1226 2536 1262 2560 re
1288 2522 1465 2560 interdum
1490 2520 1660 2563 solemus,
1687 2527 1726 2554 ut
1751 2519 1790 2555 in
1819 2519 1930 2564 bei,

1784 2569 1884 2603 Nihi-
