2169 3047
386 248 406 270 0
450 243 465 269 I

376 244 560 333 quiquam
599 283 769 332 ignobilis
808 297 844 318 ac
883 284 1001 318 minor
1029 295 1087 319 eos

375 338 601 378 aaf1ontabat,
639 335 722 370 idest
750 335 891 377 veniva,
928 347 945 368 o
971 335 1087 368 vole-va

369 388 440 431 star
476 389 538 421 loro
564 403 582 421 a
611 386 734 427 frome,
771 399 882 434 neque
919 385 1085 421 cedebat.

376 440 431 474 I¹a
473 439 638 473 hahemus
675 437 781 472 venire
819 438 851 470 in
892 437 1088 479 Confronto,·

375 503 485 538 quum
514 502 638 535 nempe
674 488 803 534 aliquis
831 500 948 522 coram
977 488 1087 521 altero

377 540 527 578 sistam,
565 549 603 574 ut
642 538 769 572 veritas
806 537 997 585 cujuspiam
1036 538 1084 572 rei

378 605 420 627 ex
449 602 568 625 eorum
598 588 773 636 congreffu
801 597 1025 635 exquiratur.

326 646 369 677 ‚A
401 642 536 685 susone.
576 641 821 673 Abundanter.
870 638 1083 673 Adverbium

377 691 444 727 hoc
474 703 595 738 purum
635 702 757 736 putum
787 690 967 724 Gallicum
997 688 1040 723 est
1068 703 1086 721 a

376 742 515 783 Foifon,
544 741 577 774 &
607 739 709 775 semel
739 738 872 786 irrepsit
901 740 937 774 in
967 739 1085 774 Histo-

376 794 465 829 riam
512 791 656 835 joannis
701 790 852 825 Villanii
879 817 888 832 ,
933 791 1014 825 dum
1057 790 1085 825 is

376 842 518 880 incaute
554 844 589 876 in
630 841 777 877 Librum
816 840 912 876 suum
942 839 1082 876 invehe-

378 893 438 929 bat
475 891 644 940 quidquid
689 890 845 927 ferebant
882 891 1085 937 Epherneri·

377 945 435 979 des
456 971 467 987 ‚
509 943 564 978 seu
599 943 629 976 le
663 945 819 988 Ger-<zeno
863 942 1083 978 Florentino-

377 1007 478 1036 rum,
519 1002 603 1028 tunc
644 992 681 1027 in
718 994 837 1028 Gallia
875 1003 1087 1028 mercaturae

377 1056 518 1091 operam
547 1043 722 1079 dantium.
754 1043 923 1079 Ceterum
954 1044 1086 1079 adulte·

377 1096 455 1132 rina
483 1108 611 1130 merces
647 1094 717 1133 est,
754 1093 792 1130 &
830 1108 849 1130 a
886 1094 1086 1142 regionibus

377 1145 514 1181 Italicis
555 1146 615 1179 diu
662 1144 801 1191 explosa
830 1170 838 1178 .
889 1143 1087 1179 Contendit

378 1194 592 1243 Mmagius,
622 1195 734 1237 Foison
771 1193 904 1229 dietum
944 1194 1041 1230 fuiss'e
1069 1207 1087 1229 a

377 1245 500 1288 Fufio,
529 1244 695 1280 Fulionis.
732 1244 794 1280 Sed
832 1244 959 1280 rectius
987 1255 1088 1280 antea

378 1305 563 1332 monuerat
599 1294 785 1330 Taffonius
813 1297 857 1330 V.
886 1297 942 1331 Cl.
972 1294 1086 1330 Muti-

379 1346 489 1382 nensis
517 1347 553 1381 in
584 1345 691 1381 Notis
719 1345 832 1380 MScis
861 1346 902 1380 ad
926 1347 1083 1380 Vocabu-

378 1398 507 1434 larium
535 1395 773 1437 Cruscanum,
810 1398 853 1429 A
878 1395 988 1438 fusone
1023 1394 1088 1429 effe

378 1458 578 1496 corruptam
626 1457 748 1480 vocem
800 1457 862 1492 pro
904 1447 967 1479 Ad
1007 1444 1102 1496 effia->

371 1498 514 1540 sionem.

326 1551 583 1596 *Aggazn'gnara
600 1548 707 1580 Manu
723 1546 968 1591 comprehendere
979 1576 989 1590 ‚
1008 1548 1087 1580 Ma-

377 1613 421 1633 nu
447 1598 669 1643 constringere.
699 1598 985 1632 Florentinorum
1019 1609 1087 1632 vox

376 1649 448 1692 est,
485 1647 649 1683 omnibus
687 1646 793 1683 ferme
831 1646 967 1682 Italicis
1004 1646 1087 1682 reli-

378 1701 485 1747 quis,
514 1708 552 1734 ut
580 1697 754 1745 suspicor,
783 1698 925 1746 ignora.
954 1699 987 1733 A
1017 1708 1083 1732 ton-

373 1751 458 1792 fillis
501 1759 596 1796 parte
639 1748 806 1784 videlicet
849 1748 961 1787 colli,
1003 1762 1087 1795 quas

377 1801 528 1845 Gavigne
556 1799 755 1834 Florentini
792 1801 995 1847 appellant,
1033 1798 1084 1834 su-

377 1850 503 1898 spicati
542 1849 619 1884 sunt
657 1849 829 1885 Αυὸὶοιτς
858 1849 1085 1885 Vocabularii

377 1899 569 1938 Cruscani‚
613 1912 733 1934 vocem
773 1899 861 1935 hanc
899 1899 1084 1936 emerfiffe.

377 1950 532 1987 Fortasse
560 1949 653 1997 quod
683 1950 842 1985 manibus
870 1952 1001 1986 collum
1029 1951 1086 1985 ad-

377 2001 518 2037 versarii
549 2001 698 2048 arripere
728 2013 802 2035 mos
829 2001 931 2037 esset.
962 2003 1085 2037 Mena—

376 2053 454 2101 gius
492 2061 611 2086 contra
648 2052 765 2086 ludere
803 2051 892 2087 mihi
921 2052 1086 2092 videtur,

376 2116 483 2148 quum
522 2116 565 2139 ex
606 2105 744 2148 capus,
781 2103 923 2148 capulus
959 2102 1087 2147 (nobis

376 2156 534 2201 Manico)
579 2165 636 2199 per
679 2153 823 2187 audaces
865 2151 970 2187 scalas
1013 2152 1085 2188 suas

376 2203 535 2238 derivare
577 2203 642 2237 hoc
686 2205 827 2237 verbum
872 2203 1085 2238 contendit.

377 2255 440 2289 Sed
471 2253 546 2287 heic
576 2265 617 2286 ne
655 2251 742 2286 mihi
781 2252 921 2298 quidem
951 2253 1085 2299 aliquid

377 2304 597 2340 tolerandum
644 2302 826 2337 occurrit.
875 2303 988 2340 Video
1032 2315 1083 2339 ta-

375 2368 457 2390 rnen
478 2379 488 2395 ,
534 2352 764 2388 Germanicae
811 2352 970 2401 Linguae
1021 2354 1086 2390 effe

377 2406 539 2451 Gesangen
558 2432 568 2446 ‚
607 2402 801 2452 significans
829 2407 974 2448 Capsu,
1008 2409 1080 2440 Pre-

376 2458 526 2491 hemer».
569 2456 662 2490 Num
707 2453 827 2490 addito
867 2460 928 2490 Ad
969 2455 1086 2503 potuit

375 2507 460 2544 inde
487 2505 662 2543 effu-maci
690 2503 941 2554 quafingare,
964 2511 1076 2555 Agga-

369 2558 499 2606 fignare
518 2585 529 2602 ‚
556 2556 824 2603 Aggavignare?

735 222 1103 280 ANTIQUIT.
1143 221 1358 267 MEDII
1390 223 1556 268 AEVI

1813 238 1894 288 652

1132 286 1163 319 Α
1195 282 1410 330 Aggiustare.
1437 288 1499 320 «Ad
1523 284 1640 328 justam
1666 288 1837 332 mensuram
1853 319 1863 334 ‚
1884 291 1955 332 five

1136 742 1162 775 B

1133 1191 1165 1227 C

1218 2272 1220 2275 ·
1249 2252 1328 2294 cile,
1369 2252 1523 2288 Celtica·
1554 2266 1620 2288 vox
1640 2278 1650 2294 ‚

1205 2322 1207 2324 ·
1237 2301 1409 2338 -Alsariae
1437 2303 1547 2338 adhuc
1574 2317 1612 2339 ea
1641 2305 1677 2340 in
1707 2306 1764 2341 usu
1793 2300 1857 2337 fi‘r.
1893 2300 1958 2336 Sed

1245 335 1288 369 ad
1305 334 1425 379 julium
1451 337 1589 370 ordinem
1614 340 1778 384 qutdpiam
1798 344 1954 388 redigere.

1247 386 1364 421 Nemo
1386 398 1454 420 non
1477 387 1595 431 videt,
1622 389 1844 426 efformatum
1872 391 1958 427 fuis-

1246 435 1278 470 se
1305 449 1324 471 e
1362 436 1494 473 Latino
1533 452 1592 485 per
1628 441 1754 474 Latino
1767 443 1953 479 barbaros.

1246 486 1310 521 Sed
1340 488 1488 523 minime
1516 488 1592 524 heic
1623 491 1786 527 laudandi
1817 493 1954 529 Etrusci

1247 538 1475 573 Vocabularii
1524 539 1698 576 Auecores
1719 569 1728 585 ‚
1775 545 1868 590 quod
1916 543 1952 579 in

1246 586 1386 623 censum
1420 588 1618 624 {talicarum
1649 591 1818 636 phrafium
1857 594 1955 629 intu-

1246 637 1381 672 lerint.
1425 639 1604 684 Aggiustar
1638 640 1738 684 fede,
1782 655 1844 690 pro
1885 647 1957 678 Dar

1241 687 1335 731 fede,
1373 686 1438 722 hoc
1465 689 1510 723 est
1537 692 1685 726 Credere.
1722 693 1842 728 Metus
1870 694 1957 728 Gal-

1246 737 1404 773 licismus
1431 739 1495 774 ille
1521 740 1587 780 est,
1617 739 1810 778 foediffime
1838 757 1957 780 corru-

1249 798 1347 836 ptus,
1386 789 1535 837 ideoque
1572 792 1672 826 nobis
1705 794 1854 829 omnino
1881 795 1955 843 eju-

1247 840 1396 875 randus.
1424 840 1598 889 ,Adjoulter
1631 842 1683 888 foy
1709 857 1751 878 eo
1781 844 1879 880 sensu
1902 844 1956 880 di-

1248 899 1332 926 cunt
1359 891 1478 925 Galli:
1510 890 1562 926 sed
1594 892 1653 926 illa
1677 906 1747 928 vox
1777 896 1819 930 ab
1843 896 1955 939 Adju=

1249 952 1335 974 xtare
1352 968 1361 983 ‚
1390 940 1455 975 hoc
1483 941 1528 976 est
1556 942 1598 976 ab
1626 946 1687 977 Ad
1713 943 1750 979 ὃ(
1770 948 1879 988 Juxta
1905 945 1956 983 ef-

1249 990 1398 1026 formata
1435 990 1531 1034 fuit,
1568 1003 1673 1040 atque
1710 994 1868 1030 adhibita
1896 1009 1958 1044 pro

1248 1044 1381 1077 Addere
1414 1041 1541 1085 fidem:
1578 1057 1616 1078 ac
1654 1045 1799 1091 proinde
1827 1047 1956 1082 Hirco-

1250 1105 1371 1127 cervus
1408 1092 1507 1128 Italis
1545 1094 1625 1128 effet
1663 1096 1750 1129 illud
1780 1097 1959 1143 Aegialia

1243 1142 1337 1186 sede.
1369 1143 1492 1188 Neque
1519 1143 1612 1178 enim
1642 1145 1744 1180 nobis
1762 1148 1959 1193 ,Aggiustare

1250 1191 1294 1227 est
1322 1193 1474 1228 Addere.

1174 1233 1404 1290 'Aggradirh
1433 1245 1588 1287 Probare,
1617 1246 1764 1280 Placere.
1795 1245 1958 1282 Primiti-

1249 1306 1331 1328 vum
1362 1295 1517 1329 Gradive.
1539 1298 1571 1329 A
1593 1298 1709 1330 Gratus
1736 1296 1818 1332 haec
1837 1298 1960 1333 omnia

1249 1344 1432 1378 efformata
1473 1343 1593 1385 fuere,
1631 1345 1684 1380 uti
1722 1348 1754 1380 δ(
1793 1352 1903 1382 ,Α-ιιενε
1938 1361 1959 1383 a

1248 1396 1384 1479 {mgr}
1417 1402 1522 1440 atque
1558 1395 1770 1440 Gallorum,
1806 1401 1959 1444 Agrler,

1197 1493 1450 1541 Aggrapparfi.
1485 1498 1671 1539 Airepere.
1709 1497 1801 1533 Vide
1831 1497 1961 1533 Differ-

1251 1544 1421 1581 tationem
1454 1547 1585 1581 XXVI.
1612 1548 1650 1581 de
1680 1548 1833 1584 Mania.

1198 1596 1309 1641 Agin.
1347 1599 1570 1632 Commodum.
1606 1599 1640 1633 A
1672 1599 1804 1633 Latino
1829 1599 1958 1640 Otium,

1250 1645 1273 1681 sl
1303 1648 1470 1696 Menagio
1508 1646 1618 1690 fides,
1656 1650 1864 1684 vocabulum
1902 1654 1961 1685 de-

1252 1696 1403 1733 scendit.
1442 1699 1501 1732 Ab
1528 1702 1699 1744 Adaptare
1726 1699 1875 1735 nostrum
1905 1704 1962 1736 A-

1249 1748 1381 1794 dagiare
1408 1748 1517 1783 trahit
1557 1749 1758 1784 ferrarius.
1799 1750 1960 1796 Uterque

1251 1797 1380 1832 mirum
1411 1798 1446 1832 in
1477 1802 1618 1833 modum
1659 1799 1830 1833 hariolum
1862 1801 1962 1848 agit.

1251 1849 1411 1896 I'gnotam
1442 1847 1532 1883 mihi
1560 1848 1732 1896 originem
1763 1862 1827 1896 ego
1857 1849 1961 1886 fateri

1250 1899 1364 1934 malo.
1393 1899 1497 1943 Quod
1527 1898 1635 1934 solum
1664 1899 1815 1941 constat,
1843 1900 1959 1935 Gallis

1251 1951 1379 1997 pariter
1420 1949 1464 1984 est
1503 1951 1586 1993 ΛίΙε
1611 1977 1621 1994 ,
1669 1950 1831 1998 idemque
1870 1951 1960 1999 apud

1249 2012 1308 2035 eos
1337 1998 1531 2048 fignificat.
1576 2000 1707 2036 Utrum
1746 2001 1801 2036 illi
1841 2015 1859 2037 a
1896 2014 1961 2037 no-

1251 2049 1326 2090 bis.
1354 2063 1396 2085 an
1427 2051 1507 2085 Itali
1536 2051 1578 2085 ab
1607 2051 1681 2085 illis
1712 2064 1832 2085 vocem
1863 2065 1961 2087 acce-

1251 2101 1389 2147 perint,
1426 2101 1620 2136 incertum.
1662 2101 1822 2137 profesto
1862 2102 1960 2137 suum

1204 2179 1207 2181 -
1250 2152 1334 2192 Ense
1364 2152 1471 2199 Angli
1501 2165 1519 2187 e
1546 2153 1664 2187 Gallia
1702 2152 1877 2188 deduxiss'e
1907 2152 1961 2187 vi-

1250 2202 1395 2236 dentur.
1422 2201 1595 2237 Schiltero
1619 2204 1757 2238 videtur
1775 2204 1864 2246 Ale,
1894 2205 1961 2236 Fa-

1693 2254 1784 2302 quod
1826 2250 1958 2289 rusticis

1251 2351 1398 2389 forr-assis
1436 2354 1490 2388 ill»
1521 2368 1538 2389 a
1569 2354 1696 2390 vicinis
1730 2353 1843 2389 Gallis
1880 2364 1957 2386 eam

1251 2417 1430 2451 accepere.
1445 2404 1684 2440 Corbinellius
1706 2403 1846 2439 Italicus
1865 2400 1957 2436 Scri-

1253 2465 1332 2502 ptor
1367 2456 1545 2502 opinatus*
1566 2454 1654 2496 fuit,
1693 2465 1752 2500 pro
1789 2451 1956 2492 Asiaticus

1251 2505 1383 2540 dictum
1414 2504 1511 2541 fuifl‘e
1538 2507 1684 2539 Aeiato.
1710 2502 1835 2549 Neque
1872 2514 1957 2538 con-

1251 2563 1438 2592 temnenda
1463 2552 1687 2601 conjefiiuraz
1724 2565 1767 2590 an
1797 2565 1874 2588 vera
1902 2560 1956 2589 ta·

1822 2615 1905 2641 ῙΠΕΣᾸ
