2169 3047
185 214 266 254 309

473 192 837 237 DISSERTATIO
878 188 1396 236 TRIGssStMAPRIMAE

1607 211 1689 250 310

174 254 450 293 Animadverte,
491 252 584 288 inter
621 253 781 287 Proceres
811 254 880 286 Im·
906 255 949 288 'A
987 250 1041 298 qui
1067 249 1234 285 homicidia
1261 247 1375 294 injuste
1410 250 1620 296 commiseram
1636 268 1656 297 ἐ
1690 267 1747 290 am

124 305 276 357 peratori
312 304 491 340 affidentes
529 303 678 339 minime
715 302 881 338 recenseri

124 357 355 395 Adelbertum
396 364 480 389 tunc
521 352 672 390 Tusciae
700 351 881 390 Marchio-

122 421 202 445 nem
219 435 230 452 ‚
266 405 321 442 sed
349 405 490 453 quidem
519 405 747 453 Berengarium
785 407 881 439 Mar·

124 460 284 501 ebionem,
326 457 386 504 qui
429 465 514 492 tunc
543 456 739 500 Foro-Julii
768 469 879 503 praee·

122 518 222 551 erat,
263 506 301 544 &
344 507 414 554 post
442 508 564 543 Caroli
592 506 703 543 Craffi
732 517 880 543 mortem

125 562 282 607 Regnum
312 558 476 594 Italicum
506 558 675 606 arripuit.
702 558 794 594 Heic
822 572 882 594 au-

122 619 194 646 tern
231 609 333 644 habes
371 612 495 651 Lupum
537 610 723 653 Episcopum
763 613 881 644 Senen-

115 661 202 706 sem,
231 673 331 707 quem
362 660 509 695 minime
537 659 639 694 novit
669 659 881 707 Ughellius‚

121 720 303 759 propterea
331 710 492 757 catalogo
519 709 715 745 Senenfium
738 711 878 757 Episco-

120 774 244 810 porum
273 760 465 795 addendum
485 787 494 795 .
537 760 720 795 Acerrima
748 760 879 809 jamdiu

120 811 234 847 fuerat
273 811 314 846 de
355 810 447 846 hisce
491 810 670 846 parochiis
698 812 880 847 contentio

119 861 215 899 inter
245 861 429 897 Arretinos
466 860 504 897 δι’,
533 862 693 898 Senenses
731 861 861 897 Antisti

120 921 202 955 tes,
243 915 276 947 &
321 913 375 947 vel
419 911 479 947 sub
519 912 598 961 ipfis
641 913 880 961 Langobardis

124 964 277 1011 Regibus
305 963 482 1006 excitata,
523 976 561 998 ac
589 963 713 998 deinde
741 961 880 999 refrica-

122 1023 181 1054 ta,
211 1015 263 1048 uri
291 1013 461 1048 constabit
488 1026 506 1048 e
526 1013 668 1048 Chattis
691 1013 778 1048 mihi
803 1027 876 1055 pro—

121 1064 286 1098 ducendis
314 1062 350 1098 in
381 1063 630 1099 Differtatione
656 1066 823 1099 LXXIV.
843 1067 880 1097 de

79 1108 91 1114 “
119 1115 299 1149 Parochtis.
345 1113 488 1148 Interim
531 1127 618 1162 quae
659 1114 700 1150 de
738 1115 876 1161 Epocha

118 1163 245 1200 Caroli
273 1163 383 1199 Craffi
411 1164 573 1209 disserui,
611 1165 692 1200 vide
732 1166 767 1201 in
802 1166 875 1200 Dis·
927 1157 947 1165 Ὗ

118 1214 309 1251 sertatione
361 1217 456 1252 XLI.
506 1219 545 1251 de
586 1216 751 1252 Nominih.
793 1216 876 1252 Alia

117 1267 276 1312 exempla
306 1267 559 1313 Imperatorum
582 1268 615 1302 &
640 1270 795 1316 Regum,
817 1267 875 1315 qui

119 1317 266 1353 Placitis
295 1317 505 1362 interfuere,
543 1332 585 1354 ex
625 1318 793 1354 Archivis
821 1319 877 1353 de-

117 1367 267 1414 promfi,
310 1378 414 1415 atque
442 1370 608 1416 evulgavi
637 1369 674 1405 in
705 1369 872 1417 Antiqui—

116 1425 181 1453 tat.
212 1418 335 1453 Estens.
366 1421 438 1453 Par.
463 1419 489 1453 Ι.
510 1418 600 1467 Cap.
628 1432 682 1461 14.
705 1433 780 1468 pag.
799 1432 877 1467 129.

115 1468 203 1515 Cap.
235 1470 288 1503 18.
315 1470 402 1514 Cap.
439 1479 495 1504 20.
538 1470 570 1504 8<
614 1469 727 1507 alibi,
756 1483 878 1514 nempe

116 1519 265 1553 Ottonis
295 1520 358 1553 Ill.
389 1519 623 1554 Henricorum
659 1519 793 1558 Primi,
822 1522 874 1554 Se·

117 1569 244 1608 cundi,
273 1569 424 1615 Quarti,
463 1571 493 1604 8<
526 1570 675 1605 aliorum
709 1569 872 1616 Augusto-

114 1632 215 1654 rum.
246 1621 328 1655 Alia
357 1619 549 1655 identidem
579 1621 615 1656 in
647 1625 711 1655 hoc
734 1620 808 1665 ipso
829 1623 873 1655 O-

117 1683 195 1717 pere
223 1680 426 1706 occurrent.
455 1673 500 1705 Et
531 1671 607 1706 sane
635 1671 779 1719 dignum
811 1671 878 1713 est,

115 1720 207 1765 quod
238 1720 314 1755 heic
341 1721 412 1755 loci
442 1730 739 1756 commemoretur
760 1721 878 1756 nobile

116 1769 298 1804 confilium
352 1771 509 1805 Conradi
562 1771 655 1806 inrer
708 1771 877 1810 Augustos

115 1820 250 1859 Primi,
281 1820 340 1867 qui
371 1824 479 1856 Anno
506 1821 635 1857 Christi
667 1824 878 1858 Mxxxvl.

113 1869 149 1906 in
181 1871 319 1906 Italiam
364 1871 563 1914 descendit,
602 1882 641 1908 ut
681 1875 822 1921 Regno,
860 1888 878 1909 a

112 1921 270 1966 tyrannis
301 1922 538 1971 in‘estunisque
567 1923 796 1959 seditionibus
825 1924 876 1960 di-

113 1971 288 2009 lacerato.
317 1972 372 2008 sua
402 1975 611 2020 praelenria,
649 1989 687 2010 ac
727 1975 877 2022 justi‘iae

115 2021 231 2069 rigore
259 2024 452 2061 consuleret
470 2053 478 2060 .
522 2029 605 2061 Rem
637 2036 753 2061 narrat
782 2029 874 2063 Lan—
901 2064 903 2076 Ι

115 2071 264 2117 dulphus
293 2074 406 2111 senior
434 2077 515 2113 Lib.
541 2090 561 2113 2
603 2079 690 2125 Cap.
713 2090 769 2113 22.
807 2077 874 2113 Hi·
900 2083 903 2088 ¹

111 2121 236 2159 floriac
265 2137 283 2159 a
312 2139 366 2161 me
393 2127 506 2164 editae
543 2130 664 2164 Tomo
703 2131 765 2164 1V.
796 2131 873 2165 Rer.

113 2173 341 2211 Italicarum:
388 2181 448 2212 Per
494 2179 575 2213 idem
615 2190 760 2224 tempus,
801 2179 874 2223 ait,

110 2236 205 2271 quum
232 2229 398 2262 Conradus
426 2231 614 2273 Imperator,
643 2231 784 2275 Papiae,
811 2231 872 2265 cir-

110 2275 278 2316 cumstante
304 2280 459 2323 exercitu,
501 2282 718 2326 Imperialious
755 2281 873 2327 persul-

106 2339 185 2373 gens
212 2328 429 2371 dignitatibus
457 2329 654 2377 conse-differ,
691 2332 872 2375 univerfis,

110 2380 165 2424 qui
191 2378 400 2422 Ecclefiarum
421 2381 569 2427 beneficia
589 2382 790 2428 invaserant,
817 2393 874 2418 aur

987 302 1190 350 orphanorum
1224 309 1281 334 aut
1314 300 1487 335 viduarum
1523 305 1655 348 praedia
1691 309 1747 341 de-

987 351 1141 394 vastando
1168 351 1380 386 contriverant
1390 365 1409 394 ‚·
1436 353 1477 385 (9²
1505 355 1665 399 omnibus,
1692 357 1748 404 qui

988 402 1101 447 injuste
1127 416 1147 437 a
1169 400 1303 450 perfidis
1330 402 1507 437 hominibus
1535 414 1591 448 per
1609 406 1750 452 aliquam

988 451 1120 498 cauffam
1165 454 1408 493 cruciabantur,
1457 464 1494 488 ut
1527 454 1582 498 sui
1621 458 1751 504 Imperii

988 505 1080 551 vigor
1106 504 1270 551 exigebat,
1306 504 1476 548 secundum
1518 507 1614 552 legem
1649 508 1751 551 facere

988 555 1157 591 humanam
1185 558 1224 589 (9
1248 554 1394 600 judicare
1433 557 1591 592 decrevit.
1641 560 1752 606 Itaque

989 606 1255 653 circumspiciens,
1296 606 1409 640 multos
1446 606 1478 640 in
1507 608 1622 642 Italiae
1645 610 1752 653 parti-

989 656 1048 691 bus
1075 657 1319 704 circumspersos,
1343 656 1410 697 sine
1436 657 1523 703 lege,
1553 657 1624 699 sine
1645 660 1752 704 foede-

989 721 1047 745 re,
1089 708 1172 741 omni
1207 705 1329 752 dimiffo
1369 708 1498 750 timore,
1540 708 1754 745 inhumaniter

990 757 1123 791 invicem
1149 757 1322 804 offendere,
1365 769 1400 792 ut
1435 771 1535 792 omncs
1562 774 1582 794 a
1609 761 1692 794 malo
1719 762 1754 796 in

991 808 1101 842 bonum
1129 820 1309 851 revocaret,
1338 820 1490 855 quatenus
1516 811 1571 856 qui
1594 811 1660 851 fine
1687 814 1755 859 lege

989 859 1092 893 omnia
1128 859 1276 894 habentes
1309 861 1501 906 promiscua,
1544 862 1654 896 illicite
1689 863 1755 907 sese

989 920 1204 950 exercuerant,
1243 921 1298 956 per
1324 911 1422 956 legem
1448 912 1588 950 Aisiria'Ye
1623 912 1756 958 judica-

990 972 1125 994 rentur.-
1164 960 1266 994 αἰπεῖα
1290 972 1344 1007 per
1370 961 1514 1005 divetsas
1542 963 1657 997 Italiae
1681 975 1756 1011 pro-

989 1011 1112 1044 vincias
1139 1011 1288 1052 volante,
1331 1010 1424 1055 hujus
1465 1012 1509 1046 rei
1536 1015 1643 1058 caussd
1670 1016 1755 1049 diem

984 1061 1118 1099 statuit.
1149 1064 1220 1106 Qu)
1246 1062 1356 1095 audito
1382 1063 1517 1108 orphani
1544 1065 1658 1106 multi,
1700 1066 1758 1099 ‘vi-

988 1114 1127 1157 duaeque
1174 1112 1314 1151 multae,
1357 1114 1584 1159 quamplurimi
1625 1117 1757 1158 Duces,

988 1161 1139 1208 multique
1167 1162 1341 1207 Episcopi,
1379 1165 1469 1197 velut
1505 1179 1588 1212 aqua
1616 1167 1649 1200 in
1682 1167 1757 1210 sen-

989 1223 1112 1255 mmm,
1149 1213 1285 1257 Papiam
1321 1224 1394 1249 ante
1436 1217 1635 1262 Imperatoris
1667 1219 1756 1264 aspe-

989 1264 1099 1303 ἑέιυη,
1147 1264 1354 1311 unusquisque
1394 1266 1433 1299 de
1471 1267 1599 1313 propria
1626 1281 1756 1315 conque-

987 1327 1056 1347 rens
1083 1313 1205 1360 injuria
1232 1315 1403 1361 confluxere
1430 1317 1497 1352 &a
1526 1319 1608 1354 Mos
1645 1319 1755 1355 etiam

987 1363 1079 1404 fuit,
1122 1375 1160 1400 ut
1205 1366 1361 1409 Hatita,
1408 1366 1546 1403 fortaffe
1589 1370 1755 1415 minora,

987 1428 1097 1462 neque
1143 1416 1341 1464 generalia,
1383 1416 1594 1455 haberentur
1635 1433 1755 1457 coram

986 1465 1064 1513 ipsls
1096 1467 1368 1514 Imperatoribus
1409 1466 1447 1504 &
1494 1470 1672 1519 Regibus,
1715 1470 1754 1507 in

986 1517 1112 1562 quibus
1141 1525 1257 1551 tamen
1287 1531 1356 1552 non
1384 1518 1445 1565 ipfi
1469 1521 1669 1569 Principes,
1698 1522 1754 1558 sed

987 1567 1116 1601 Comes
1145 1566 1227 1601 sacri
1263 1567 1413 1608 Palatii.
1442 1579 1501 1603 aut
1523 1570 1586 1605 alii
1609 1572 1651 1606 ab
1673 1572 1754 1619 ipsis

990 1615 1143 1664 Regibus
1164 1616 1368 1660 constituti,
1396 1618 1556 1662 Judicem
1579 1622 1751 1669 agebant:

989 1666 1182 1715 cujusmodi
1212 1669 1372 1716 exempla
1400 1670 1525 1705 itidem
1555 1670 1634 1707 dedi
1660 1674 1754 1709 Part.

992 1719 1015 1752 1.
1043 1719 1130 1765 Cap.
1155 1730 1211 1764 24.
1240 1731 1315 1766 pag.
1352 1730 1432 1755 110.
1460 1718 1498 1755 ἃ
1532 1732 1612 1767 125.
1643 1722 1756 1759 Anti-

989 1767 1117 1815 quitat.
1138 1767 1324 1804 Estenfium
1342 1795 1350 1804 .
1387 1771 1493 1813 juvat
1520 1784 1612 1807 nunc
1641 1774 1753 1810 altero

990 1819 1153 1864 exemplo
1181 1832 1252 1854 rem
1282 1819 1512 1864 confirmare,
1542 1835 1666 1872 nempe
1689 1825 1755 1860 Be-

989 1869 1141 1916 rengarii
1183 1871 1210 1904 I.
1251 1869 1376 1906 Italiae
1418 1871 1523 1919 Regis
1564 1886 1603 1909 ac
1641 1874 1753 1923 postea

991 1920 1215 1966 Imperatoris
1233 1945 1243 1960 ,
1297 1921 1359 1968 qui
1403 1924 1541 1958 Placito
1589 1923 1755 1962 interfuit

988 1970 1111 2006 habito
1139 1971 1264 2007 Ticini
1302 1972 1339 2006 in
1382 1974 1565 2014 conclavi,
1604 1976 1662 2010 uhi
1691 1976 1753 2020 suh

987 2023 1173 2057 Theoderico
1198 2023 1344 2066 dicitur;
1371 2022 1425 2058 sed
1456 2024 1637 2074 Episcopis
1666 2026 1754 2063 duo-

989 2073 1076 2112 bus,
1113 2072 1292 2108 Ticinenfi
1336 2074 1503 2110 videlicet
1545 2075 1582 2112 δε
1622 2078 1753 2123 Bergo-

989 2124 1097 2164 mati,
1122 2124 1246 2171 judicii
1269 2123 1400 2160 ferendi
1423 2139 1547 2162 munus
1570 2127 1752 2175 injunxit.

989 2173 1156 2219 Descripfi
1186 2188 1250 2224 ego
1278 2188 1320 2211 ex
1350 2176 1555 2213 authentico
1575 2178 1753 2216 exsistente

988 2225 1024 2261 in
1056 2225 1215 2261 Archivo
1242 2227 1500 2263 Monachorum
1540 2227 1753 2265 Cistercien-

989 2276 1071 2311 sium
1115 2276 1234 2313 Sanffl
1276 2278 1453 2314 Ambrosii
1490 2279 1641 2326 Majoris
1670 2282 1751 2317 Me-

990 2327 1223 2378 diolanenfis3
1266 2338 1370 2378 atque
1411 2329 1496 2366 haec
1536 2329 1590 2367 ibi
1628 2344 1751 2368 occur-

988 2388 1090 2415 runt·

1062 2582 1098 2625 >V
1126 2591 1150 2618 αι
1657 2583 1701 2626 Jn
