2169 3047
261 239 339 278 509
516 214 881 260 ΒῘΒΞΕΚΤΑΤῙΟ
914 212 1513 261 ΤΒῙΘΕΞῙΜΑῗΕΕἮΝΒΑᾹ
1691 232 1772 271 510

205 278 381 322 teranenfi,
410 285 449 313 ut
478 274 670 311 Anastasius
709 273 850 315 scribit,
879 290 959 312 con—
1007 279 1033 311 Λ
1070 272 1240 310 Literatis
1270 273 1415 313 Italiae,
1452 271 1506 306 scd
1535 272 1641 308 etiam
1670 276 1829 321 gentium

204 330 368 366 strmstum
396 341 413 363 a
441 329 561 363 Leone
601 327 663 360 111.
695 327 784 365 Papa
822 327 963 363 circiter

203 382 348 416 Annum
375 377 441 414 Ch.
469 379 554 423 798.
584 376 667 422 Ejus
697 376 866 423 piffluram
884 406 891 419 ,
921 378 960 413 si-

203 444 244 466 ve
272 429 449 465 Mufivum
480 428 644 462 habemus
673 428 761 474 apud
792 429 960 463 Aleman—

202 493 286 516 num
314 481 351 515 in
382 477 556 513 Differtat.
584 477 625 513 de
651 480 814 513 Lateran.
846 480 959 514 Parie-

202 530 269 565 tin.
304 529 395 576 Cap.
428 541 506 568 12.,
542 529 574 563 8<
614 528 701 574 apud
742 528 885 576 pagium
925 530 959 564 in

203 580 295 616 Crit.
324 581 448 615 Baron.
479 579 518 613 ad
550 581 618 613 An.
645 580 730 625 796.
762 579 816 614 Ibi
845 580 961 628 imago

202 630 320 666 Sanffi
362 629 477 671 Petri,
507 629 546 663 ad
584 630 680 677 cujus
719 631 818 676 pedes
856 644 960 676 genu-

203 681 265 716 bus
293 679 393 715 flexis
431 679 626 725 spefflanrur
662 682 736 715 Leo
776 681 961 725 Pontifex,

202 732 235 766 &
263 732 411 766 Carolus
439 733 476 765 M
510 732 720 764 francorum
750 732 846 771 Rsx.
874 745 959 766 non-

202 781 285 815 dum
318 780 513 821 Augustus.
552 780 586 815 Si
627 781 863 815 Alemannum
903 796 953 817 au·

202 831 340 868 dimus,
380 830 564 872 Inlcriptio
601 830 684 865 haec
721 831 771 866 ibi
809 832 958 878 legitur:

203 882 368 916 ΒΕΑΤΕ
386 883 541 916 PETRE
558 883 695 916 DONA
711 881 833 922 VITA
848 885 955 918 LEO-

205 933 258 968 Nl
290 933 353 965 ΡΡ.
384 940 412 971 Ε
442 931 724 967 BICTORIAM
753 934 962 969 CARULO

206 983 321 1016 REGI
364 984 523 1016 DONA.
554 984 604 1016 At
641 982 708 1017 Vir
734 983 875 1018 clariss.
903 986 956 1027 Jo-

203 1031 333 1066 hannes
355 1032 602 1078 Ciampinius,
627 1034 699 1067 Par.
724 1034 767 1068 ῘῙ.
789 1036 876 1081 Cap.
904 1030 960 1069 it.

206 1084 322 1116 verer.
348 1081 508 1116 Monam.
530 1092 667 1116 accurat
687 1082 782 1118 ffime
803 1097 864 1128 pro
886 1097 959 1118 mo-

203 1144 238 1166 re
267 1131 442 1165 Mufivum
482 1132 569 1165 illud
607 1132 820 1167 delineatum
859 1133 960 1168 nobis

203 1181 370 1215 exbibens
391 1207 401 1224 ,
448 1181 497 1215 ira
544 1180 811 1227 Inscriptionem
860 1184 959 1219 illam

203 1231 368 1266 exhibet:
409 1234 507 1265 Beate
536 1235 644 1266 Petrus
670 1235 752 1267 dona
784 1234 855 1268 vita
884 1238 959 1269 Leo-

205 1282 239 1314 ni
267 1285 333 1316 PP.
362 1296 377 1315 e
410 1281 550 1315 Bifforia
586 1287 702 1316 Carmo
741 1285 825 1322 Rern·
859 1287 960 1320 dona.

203 1331 238 1366 Si
266 1331 348 1366 haec
373 1331 423 1366 ita
449 1331 526 1367 illic
548 1332 579 1367 se
605 1333 753 1374 habent,
777 1335 961 1380 I·alicam,

203 1380 271 1416 five
302 1382 489 1429 Vulgarem
533 1383 704 1430 Linguam
734 1382 858 1420 sentis.
899 1390 962 1421 Do-

207 1444 248 1466 na
275 1432 368 1471 vita,
397 1446 412 1464 e
438 1434 519 1465 dona
545 1433 700 1469 viHoria.

258 1482 380 1526 ltaque
408 1480 526 1515 sensim
557 1483 699 1518 Italiae
733 1484 847 1532 gentis
875 1485 963 1522 Lin-

206 1543 272 1579 gua
309 1531 395 1564 olim
439 1532 709 1573 immutabatur,
740 1548 850 1580 eoque
887 1537 964 1571 lon-

209 1581 286 1629 gius
315 1580 349 1615 in
379 1581 450 1616 dies
479 1595 496 1615 a
534 1583 660 1618 Latina
699 1586 902 1634 recedebat3
932 1588 963 1621 8<

207 1631 369 1677 quamvis
398 1631 433 1666 in
460 1633 637 1667 decentem
668 1634 788 1671 statum
817 1636 966 1684 denique

205 1681 351 1716 deducsta
392 1695 451 1726 per
488 1683 606 1729 ponuli
646 1698 705 1720 ora
745 1687 966 1731 decurreret,

207 1732 396 1778 pergebant
448 1732 682 1769 nihilominus
734 1736 886 1772 Lirerati
928 1751 966 1773 ac

209 1781 351 1816 Notarii
390 1795 510 1818 omnes
549 1786 680 1819 Latino
709 1785 862 1821 sermone
891 1787 967 1829 uti,

206 1830 275 1866 five
305 1832 498 1870 Historias.
525 1832 592 1868 five
620 1835 708 1870 ARa
740 1837 900 1884 publica.
928 1836 966 1874 &

207 1880 356 1917 Ovium
410 1884 635 1926 contraaus,
677 1885 745 1922 five
793 1887 966 1931 Artium,

205 1932 437 1968 scientiarum
462 1961 472 1974 ,
513 1948 552 1969 ac
601 1937 798 1985 Religionis
842 1951 964 1974 monu-

208 1992 324 2017 menta
362 1983 476 2019 literis
514 1986 736 2022 mandarent.
776 1990 967 2025 veneratio

209 2032 293 2067 haec
322 2032 439 2069 debita
471 2036 672 2071 credebatur
709 2039 867 2077 Linguae
905 2054 966 2075 no-

209 2081 416 2126 biliffimae‚
455 2098 556 2131 quam
596 2088 744 2123 Ecclefia
785 2092 966 2132 Romana,

210 2131 322 2168 immo
358 2132 396 2168 &
434 2136 591 2172 universa
629 2139 891 2182 Occidentalis,
929 2141 966 2176 in

208 2183 342 2218 divinis
385 2185 558 2228 Mysteriis
599 2189 752 2225 retinens
797 2191 966 2238 quodam-

208 2233 315 2268 modo
355 2233 490 2271 sacrasse
529 2237 729 2275 videbatur.
769 2242 969 2277 Accedebat

212 2282 251 2318 &
280 2284 388 2320 altera
416 2286 533 2334 magni
563 2288 721 2333 ponderis
756 2293 966 2339 praerogati-

210 2346 277 2376 va,
305 2347 372 2381 qua
400 2336 510 2372 adhuc
537 2338 644 2373 etiam
682 2341 798 2376 eadem
832 2343 968 2390 Lingua

211 2383 364 2426 fruitur,
395 2400 518 2433 nempe
554 2387 763 2425 familia-em
802 2391 898 2427 fuisse
935 2394 969 2428 8(

213 2447 433 2472 communem
474 2438 619 2486 reliquis
647 2442 805 2477 Euronae
842 2442 967 2477 cultio—

213 2485 306 2521 ribus
335 2488 495 2534 populis,
517 2489 566 2525 ita
589 2499 627 2525 ut
648 2490 707 2538 qui
736 2492 864 2528 Latine
889 2492 972 2528 scri—

216 2534 334 2578 beret,
361 2538 418 2575 sua
453 2539 546 2577 sensa
572 2553 644 2577 non
680 2552 818 2580 tantum
849 2543 972 2580 ceteris

1070 335 1262 360 exterarum
1294 322 1417 358 Latini
1445 323 1598 357 nominis
1625 323 1830 369 intelligen-

1071 377 1111 409 da
1149 374 1204 409 effi
1221 383 1323 408 eret:
1360 374 1452 420 quod
1493 373 1581 407 nulli
1621 375 1831 422 vulgarium

1072 426 1289 473 Linguarum
1319 424 1568 472 contingebat,
1590 421 1626 459 &
1650 437 1751 471 porro
1772 439 1832 460 ne-

1072 490 1137 522 que
1166 476 1286 510 nostris
1315 476 1530 522 temporibus
1559 475 1705 522 coming
1724 484 1757 510 t.
1795 474 1831 510 Si

1072 528 1210 569 quando
1242 539 1322 560 vero
1360 525 1523 572 Episcopi
1563 525 1753 560 sermonem
1793 526 1832 560 in

1073 576 1221 612 Ecclefia
1250 576 1444 619 habebant,
1473 577 1603 612 Latine
1631 576 1741 612 adhuc
1770 575 1833 611 suo

1073 641 1213 662 munere
1244 627 1341 675 fungi
1379 626 1607 666 consuevere,
1638 627 1700 662 mfi
1739 625 1833 675 quod

1072 678 1160 723 apud
1198 678 1335 725 aliquos
1376 691 1450 713 mos
1493 678 1647 713 invaluit
1689 678 1834 714 subinde

1023 733 1048 744 ³'
1072 729 1271 775 explicandi
1295 730 1423 775 populo
1446 729 1611 764 Latinam
1633 729 1833 764 orationem

1074 793 1132 816 ner
1160 779 1380 814 vernaculam
1412 779 1608 828 Linguam.
1637 782 1676 815 In
1703 781 1833 828 Antiq⁰

1073 830 1182 865 Esten.
1213 832 1286 864 Par.
1318 841 1347 864 1.
1377 831 1462 877 Cap.
1494 830 1551 876 36.
1583 843 1656 878 pag.
1685 834 1768 877 356.
1797 844 1834 865 e-

1074 880 1217 927 vulgavi
1246 893 1310 927 ego
1336 879 1631 915 consecrationem
1661 880 1832 917 Ecclesiae

1073 930 1276 965 Monasterii
1327 929 1468 965 Estenfis
1515 931 1556 965 de
1597 932 1833 976 carceribus„

1073 981 1197 1016 fastam
1231 984 1336 1015 Anno
1369 984 1474 1027 1189.
1511 983 1615 1016 Tunc
1652 982 1692 1016 ad
1723 995 1833 1029 popu-

1074 1033 1145 1066 lum
1185 1031 1383 1066 Homiliam
1428 1031 1577 1073 habuit,
1613 1032 1644 1066 8(
1689 1032 1832 1079 quidem

1073 1082 1263 1122 Latinam,
1293 1081 1503 1117 Godefridus
1542 1082 1741 1117 patriarcha
1779 1085 1833 1117 A-

1072 1131 1291 1178 quilaejenfis,
1320 1144 1422 1178 quam
1463 1145 1480 1166 e
1509 1132 1654 1180 vestigio
1692 1133 1835 1168 Patavi-

1007 1179 1038 1213 C
1073 1195 1134 1216 nus
1157 1181 1345 1225 Episcopus
1367 1183 1537 1217 Gerardus
1564 1183 1719 1217 materna
1743 1183 1835 1218 Lin-

1072 1233 1137 1281 gua
1173 1232 1316 1268 adstanti
1359 1234 1488 1280 populo
1530 1232 1715 1282 exposuit.
1754 1237 1835 1268 Cum

1071 1283 1251 1328 praedic-Tus
1281 1284 1466 1318 patriarcha
1492 1284 1566 1329 (ita
1594 1285 1630 1319 in
1658 1283 1760 1319 Affis
1789 1284 1835 1319 iis

1073 1333 1227 1380 legitur)
1256 1334 1455 1368 Litteraliter
1477 1335 1634 1380 sapienter
1655 1335 1836 1378 praedicas-

1067 1384 1138 1428 set,
1164 1383 1208 1421 (ί)
1237 1396 1290 1428 per
1324 1398 1392 1418 eum
1421 1385 1529 1432 (idest
1558 1399 1618 1432 pro
1648 1386 1714 1432 eo)
1742 1396 1835 1429 prae-

1073 1432 1179 1468 diffsus
1223 1435 1403 1468 Gherardus
1449 1437 1623 1469 Paduanus
1664 1437 1836 1482 Episcopus

1075 1485 1303 1518 Maternaliter
1335 1498 1401 1526 esus
1428 1487 1689 1530 praedicationem
1727 1487 1837 1530 expla-

1075 1533 1194 1579 naffet,
1214 1534 1260 1572 ὅ)
1285 1535 1431 1580 populum
1457 1536 1502 1568 ibi
1517 1535 1654 1575 stantem
1677 1536 1836 1579 amonuis-

1070 1585 1116 1627 set
1155 1586 1222 1619 &a
1260 1585 1381 1629 Atque
1418 1584 1467 1619 ita
1505 1585 1628 1620 Latini
1668 1585 1835 1621 sermonis

1077 1633 1190 1668 honor
1229 1632 1366 1668 illaesus
1403 1634 1513 1669 adhuc
1551 1634 1662 1669 nimia
1697 1635 1836 1672 fortasse

1054 1689 1056 1721 j
1077 1683 1249 1724 religione
1270 1683 1487 1720 servabatur.
1516 1687 1649 1720 Interea
1671 1685 1753 1721 hinc
1774 1699 1837 1721 ex-

1079 1733 1212 1779 surgere
1240 1734 1400 1778 videtur,
1429 1736 1512 1782 quid
1541 1736 1766 1784 cogitandum
1795 1736 1836 1772 fit

1078 1785 1201 1823 nobis.
1235 1785 1373 1826 quoties
1410 1785 1446 1820 in
1485 1785 1594 1821 sacros
1632 1789 1836 1832 Sermones,

1079 1844 1138 1870 aut
1179 1834 1350 1882 Epistolas
1394 1835 1534 1881 scriptas
1578 1836 1649 1884 post
1689 1840 1836 1872 Annum

1080 1885 1308 1920 Millefimum
1351 1885 1570 1922 incidimus.
1616 1889 1666 1922 Ea
1707 1888 1838 1924 Latine

1080 1936 1204 1983 scripta
1243 1936 1339 1971 sunt.
1376 1937 1469 1982 Quei
1508 1939 1654 1985 populus
1691 1937 1838 1975 illorum

1080 1986 1212 2022 sensum
1242 1987 1499 2028 assequebatur,
1527 1986 1548 2022 fi
1577 1987 1613 2023 in
1640 1989 1748 2024 Latio
1775 1988 1840 2025 ho-

1057 2072 1058 2075 ,
1081 2038 1153 2084 spes
1179 2036 1275 2073 erat?
1301 2039 1393 2082 Quei
1408 2063 1417 2076 ,
1437 2039 1589 2086 exempli
1617 2038 1752 2080 caussa,
1775 2041 1840 2076 Pe-

1081 2098 1154 2123 trus
1184 2088 1349 2123 Damiani
1379 2089 1547 2136 Epistolas
1581 2089 1729 2126 Latinas
1757 2089 1842 2126 scri-

1057 2136 1059 2144 ⁴
1082 2139 1135 2174 bit
1155 2141 1198 2173 ad
1219 2142 1355 2173 Sororem
1371 2140 1484 2183 suam,
1506 2140 1545 2175 ad
1572 2141 1735 2186 quasdam
1757 2141 1842 2176 Vir-

1081 2189 1179 2235 gines
1218 2188 1347 2230 sacras,
1376 2190 1528 2236 aliasque
1565 2192 1749 2232 Feminas,
1779 2191 1841 2226 nifi

1082 2240 1114 2275 &
1137 2239 1216 2275 istae
1237 2240 1404 2276 Latinum
1429 2240 1619 2276 sermonem
1644 2241 1840 2278 novissent?

1083 2290 1146 2325 Sed
1188 2291 1421 2332 reponendum
1465 2291 1536 2334 est,
1579 2295 1759 2328 Sermones
1801 2292 1843 2327 ad

1085 2342 1256 2379 Populum
1296 2352 1354 2377 aut
1383 2342 1522 2378 habitos
1559 2344 1713 2378 materna
1751 2343 1843 2379 Lin-

1084 2392 1173 2440 gu53
1202 2402 1261 2427 aur
1298 2392 1318 2428 fi
1348 2393 1500 2436 Latina,
1528 2394 1723 2441 explicatos
1761 2407 1845 2428 con-

1085 2443 1187 2477 tinuo
1214 2442 1313 2479 fuifl'e
1350 2443 1519 2492 Vulgari.
1556 2444 1725 2489 Epistolas
1762 2458 1846 2479 vero

1085 2493 1232 2528 Latinas
1269 2494 1310 2529 ad
1348 2508 1405 2529 eos
1447 2503 1585 2529 tantum
1624 2495 1746 2534 datas,
1783 2493 1845 2540 qui

1086 2543 1188 2581 Latii
1214 2544 1393 2595 Linguam
1421 2545 1612 2591 callerent,
1639 2545 1741 2594 eique
1769 2557 1846 2580 mu-

1725 2594 1793 2630 lie-
