2169 3047
435 223 521 264 439
785 204 1155 264 ANTIQUJT.
1195 205 1404 251 MEDII
1438 207 1601 252 AEVI
1861 227 1947 269 440

378 278 433 303 aut
460 266 616 314 Regalis,
643 268 696 302 vel
722 264 897 307 manuenst's
932 268 1052 309 vester,
1079 275 1136 300 aut
1177 267 1211 302 A
1249 266 1477 305 Soloecismos
1512 270 1547 305 8<
1585 268 1820 305 Barbarismos
1857 270 1894 307 in
1933 273 2007 320 ple-

374 318 573 365 personarum
609 318 704 365 ipsius
739 318 864 362 Castri,
895 328 931 352 ut
965 330 1030 351 cum
1057 316 1136 352 hanc
1248 317 1334 367 bejis
1362 319 1544 368 praecipue
1575 319 1890 368 Inscriptionibus,
1917 336 2006 369 quae

375 368 650 412 conreflaciuncula
670 369 725 414 seu
756 368 943 417 planei‘mia
964 367 1062 413 juxt-⁷
1088 368 1134 401 le·
1247 370 1390 406 Saeculo
1427 371 1588 420 Epochae
1615 371 1832 408 Christianae
1865 370 2005 418 Quarto

372 433 450 467 gum
485 421 730 465 consuetudinem
760 422 793 455 in
819 421 997 465 praesentia
1033 418 1135 460 vestra
1246 420 1278 454 ἃ
1304 421 1463 466 Quin6‘t0
1483 423 1684 458 efformatae
1709 422 1825 467 fuere,
1845 436 1909 471 ego
1934 422 2004 458 tibi

374 471 477 506 relata
501 471 622 515 fuerit,
647 470 756 517 nostris
785 469 1063 518 subscriptionibus
1087 468 1134 510 st-
1246 472 1441 519 complures
1467 473 1640 508 ostendere
1676 473 1803 520 poffem
1822 500 1832 518 ,
1861 473 1882 508 sl
1910 476 2003 509 Gru-

371 522 518 568 gnacult's
538 521 739 566 subrotl'orare
757 521 889 564 faciatis
899 535 919 564 ,·
939 530 974 554 ut
992 532 1133 566 quocum·
1246 530 1357 556 terum
1371 549 1382 566 ‚
1409 522 1630 567 Reinefium,
1654 523 1847 569 Sponium,
1873 537 1911 559 ac
1938 527 2003 559 Fa-

375 584 432 618 que
448 573 637 615 perdiciones
652 571 768 613 nostras
785 575 824 605 de
837 572 935 618 supra
949 570 1067 615 scripra
1081 580 1135 615 per
1218 576 1223 619 J-
1247 572 1397 606 brettum
1411 599 1421 615 ,
1446 573 1596 607 celebres
1620 585 1738 608 earum
1763 574 2003 613 Collesffires,

375 622 478 662 vestra
513 621 733 666 adfirmatione
758 620 842 667 julla
877 620 1050 656 auf‘loritas
1086 632 1132 652 re·
1217 620 1412 662 {deflorare
1448 622 1584 657 animus
1612 621 1722 657 foret.
1756 622 1820 656 Sed
1856 623 2004 658 abstine-

374 671 478 706 media
501 673 719 717 consequatur,
744 681 779 705 ut
803 671 904 713 nostra
920 669 1064 714 firmitas
1086 670 1132 702 le·
1247 671 1319 719 bog
1360 671 1440 706 satis
1479 672 1574 707 enirn
1610 672 1649 707 in
1685 670 1857 717 ejusmodi
1893 672 2003 708 studio

371 735 449 768 gum
479 721 651 757 aufforitas
687 733 827 755 revocent
863 722 896 755 in
931 720 1131 767 propinquie—
1180 724 1206 757 Β
1244 721 1441 769 expatiatus
1469 723 1514 757 est
1541 722 1662 758 Celsus
1696 722 1916 758 Cittadinius
1944 725 2004 758 Se·

372 782 442 807 tas.
470 772 576 817 Quod
603 772 626 807 fi
652 771 875 820 Magistratus
901 784 939 807 ac
967 769 1132 813 Notarii,
1243 770 1351 807 nenfis
1378 771 1416 807 in
1444 773 1526 808 Lib.
1553 773 1594 808 de
1621 772 1720 820 Orig.
1748 772 1909 821 Linguae
1937 786 2002 808 no-

371 835 459 868 quos
494 823 628 871 prorsus
665 822 826 858 indofi’ws
863 836 901 857 ae
937 820 1132 857 ineruditos
1241 821 1348 857 strae.
1386 823 1621 858 Mabillonius
1658 836 1796 871 quoque
1834 822 1925 870 Cap.
1966 836 2000 870 3.

371 872 471 909 fuisse
499 873 660 909 arbitrari
697 886 767 908 non
795 872 901 912 licet,
930 871 1036 907 toties
1064 871 1129 906 im·
1243 885 1317 920 pag.
1350 884 1405 918 15.
1435 873 1609 920 Supplem.
1637 873 1678 907 de
1707 875 1755 907 Re
1785 872 1941 919 Diplom.
1970 875 2002 908 i-

371 923 565 973 pingebant
592 924 630 959 in
657 924 788 959 Latine
815 923 1014 959 scribendo:
1046 921 1130 968 quid
1241 922 1318 957 dem
1346 923 1527 958 nonnullis
1554 922 1725 969 exemplis
1752 920 1998 958 confirmavit.

373 988 393 1009 a
420 975 497 1010 rudi
526 988 564 1010 ac
592 975 715 1023 ignaro
743 975 852 1022 vulgo
879 982 963 1009 tunc
999 971 1129 1007 faenum
1241 974 1451 1020 Temperare
1479 981 1596 1008 tamen
1625 972 1713 1007 mihi
1743 985 1814 1007 non
1845 972 1999 1021 possum.

371 1039 443 1061 non
471 1024 736 1073 intelligamus?
763 1027 854 1060 Nam
884 1024 938 1059 uti
966 1026 998 1059 S.
1025 1022 1129 1057 Ifido-
1241 1022 1325 1070 quin
1355 1023 1421 1058 huc
1448 1023 1565 1058 testem
1594 1023 1759 1058 advocem
1789 1023 1846 1058 Cl.
1874 1025 1917 1057 V.
1946 1025 1999 1058 M.

371 1089 430 1111 rus
467 1076 572 1111 habet
608 1075 690 1111 Lib.
727 1075 754 1110 I.
791 1075 890 1123 Orig.
931 1086 1130 1119 unaquaeque
1242 1072 1443 1108 Antonium
1463 1074 1666 1108 Boldettum
1685 1072 1908 1108 Canonicum
1927 1075 2001 1108 Ro-

367 1139 447 1173 gens
470 1126 558 1169 suffla
585 1130 815 1164 Romanorum,
841 1138 907 1158 cum
929 1124 996 1169 suis
1023 1123 1130 1168 opibus
1154 1147 1158 1157 ,
1243 1135 1383 1157 manum
1401 1149 1411 1165 ‚
1452 1123 1514 1170 qui
1554 1122 1592 1158 in
1633 1123 1773 1170 egregio
1811 1125 1925 1170 Opere
1963 1125 2001 1157 de

370 1177 457 1212 vitia
497 1190 612 1223 quoque
652 1187 698 1214 εἶφ’
733 1177 894 1209 verborum
931 1175 976 1212 &⁶
1014 1166 1371 1239 raoi'um3C1Coemet.
1406 1175 1547 1217 Martyr.
1584 1172 1666 1208 Lib.
1704 1174 1748 1206 II.
1783 1174 1870 1218 Cap.
1899 1175 1999 1208 VIII.

371 1232 506 1263 Romam
533 1225 726 1271 transmisit.
762 1225 868 1270 Quod
897 1223 988 1259 idem
1017 1224 1059 1258 ab
1087 1236 1128 1258 eo
1240 1235 1412 1258 marmora
1440 1224 1551 1258 multa
1579 1221 1709 1270 profert
1737 1223 1909 1258 erroribus
1935 1237 1999 1258 un-

369 1279 559 1325 repetitum
589 1277 705 1312 videas
734 1278 814 1312 Lib.
842 1288 875 1322 9.
907 1277 993 1321 Cap.
1022 1275 1047 1308 Ι.
1076 1275 1127 1308 At
1238 1273 1342 1320 dique
1382 1272 1549 1308 scatentia
1569 1299 1578 1308 .
1619 1275 1750 1308 Eorum
1788 1283 1879 1309 certe
1920 1287 1996 1319 pars

369 1328 532 1375 inquies,
561 1331 668 1363 Anno
698 1336 780 1372 540.
819 1327 886 1372 jam
915 1323 1029 1359 Gothi
1057 1325 1127 1358 Ita·
1238 1323 1275 1358 in
1312 1322 1473 1358 ind0&os
1511 1326 1777 1363 marmorarios,
1815 1333 1875 1359 aut
1911 1325 1998 1359 alie-

368 1378 454 1413 liam
485 1378 702 1418 invaserant,
730 1390 768 1411 ac
799 1378 982 1411 Ravennae
1019 1372 1126 1419 potis·
1238 1372 1380 1421 nigenas
1408 1373 1595 1420 rejicienda
1623 1374 1690 1421 est3
1728 1373 1780 1408 sed
1810 1387 1877 1409 non
1907 1375 1998 1410 levis

368 1429 491 1465 fimum
530 1430 639 1465 sedem
678 1427 825 1461 fixerant
862 1425 982 1459 suam:
1021 1436 1126 1470 quare
1237 1424 1345 1458 etiam
1373 1423 1409 1458 in
1439 1433 1635 1470 corruptam
1664 1437 1705 1458 eo
1733 1434 1888 1468 tempore
1919 1426 1996 1460 vul-

367 1480 421 1515 nil
459 1480 609 1521 mirum,
637 1477 659 1511 fi
696 1490 713 1510 a
751 1475 807 1509 sua
845 1475 997 1521 puritate
1033 1473 1118 1520 deje>
1236 1472 1271 1519 gi
1311 1472 1513 1520 Linguam,
1551 1473 1654 1520 idque
1691 1473 1727 1508 in
1765 1472 1837 1519 ipsa
1870 1472 1995 1514 Urbe,

367 1530 463 1565 &um
501 1531 538 1566 in
567 1529 610 1564 iis
638 1526 876 1561 monumentis
916 1524 982 1571 jam
1022 1523 1123 1559 Lati·
1236 1522 1301 1557 hoc
1323 1522 1368 1557 est
1395 1524 1432 1558 in
1460 1522 1607 1558 sacrario
1630 1522 1854 1559 Latinitatis.
1890 1524 1993 1572 Apud

365 1594 449 1616 num
478 1580 666 1615 sermonem
696 1576 929 1611 offendimus.
962 1573 1025 1609 Sed
1053 1573 1121 1609 fru-
1167 1602 1198 1634 D
1237 1586 1315 1609 eum
1363 1572 1429 1609 hoc
1472 1573 1715 1620 epitaohium‚
1761 1573 1914 1608 effossum
1957 1577 1994 1609 in

365 1631 427 1666 stra
468 1630 503 1666 id
546 1628 635 1664 mihi
677 1627 894 1676 ingemines.
939 1625 1005 1659 Vel
1044 1634 1124 1660 ante
1203 1644 1205 1651 ι
1237 1623 1461 1660 coemeterio
1490 1624 1631 1659 Sanffiae
1660 1626 1836 1666 Helenae,
1858 1624 1890 1658 &
1921 1623 1994 1672 spe-

366 1681 564 1716 Gothorum
591 1679 845 1726 irruptionem,
870 1688 1060 1721 eorumque
1086 1675 1121 1709 in
1236 1674 1332 1710 &ans
1353 1699 1365 1714 ,
1401 1675 1454 1710 uti
1492 1675 1564 1710 veri
1605 1675 1743 1711 videtur
1779 1674 1914 1715 fimsse,
1952 1674 1994 1709 ad

365 1731 470 1767 Italia
509 1733 688 1778 Regnum,
725 1727 865 1775 antiqui
902 1726 1033 1775 lapides
1070 1734 1117 1760 te·
1235 1726 1378 1761 tertium
1408 1735 1468 1760 aut
1494 1735 1655 1772 quartum
1682 1725 1840 1765 Epochoe
1869 1726 1992 1772 vulga-

365 1781 515 1823 stantur,
541 1789 670 1827 quanta
695 1780 763 1826 jam
793 1777 964 1814 barbaries
987 1776 1025 1811 in
1052 1779 1115 1811 La-
1233 1775 1279 1810 ris
1317 1776 1475 1810 Seculurn
1493 1801 1503 1817 ‚
1541 1775 1671 1822 legitur
1706 1776 1787 1811 Lib.
1826 1775 1872 1809 ΙΙ.
1900 1776 1987 1823 Cap.

365 1831 478 1869 tinam
515 1833 693 1879 nguam
731 1828 930 1876 irrepfiffet.
966 1829 1013 1864 Et
1043 1826 1120 1862 sane
1233 1827 1332 1861 VIII.
1361 1838 1435 1874 pag.
1464 1836 1550 1872 433.

516 1931 723 1968 TERSU.
760 1929 1016 1964 DECIMU.
1053 1928 1397 1964 CALENDAS.
1435 1925 1754 1960 FEBRARAS

514 2006 810 2044 DECESSIT
850 2006 913 2039 IN
942 2004 1096 2039 PACE
1134 2003 1415 2048 QUINTUS
1454 2002 1714 2036 ANNORO

514 2085 680 2119 OCTO
716 2081 1067 2117 MENSORUM.
1106 2080 1273 2114 DECE.
1312 2079 1377 2113 IN
1416 2077 1596 2113 PACE.

361 2161 403 2199 In
429 2160 538 2197 altera
565 2161 647 2194 verb
675 2156 909 2205 Inscriptione
937 2168 1012 2203 pag.
1039 2165 1125 2201 410.
1152 2153 1306 2190 occurrit

488 2234 772 2270 MARTIUS
808 2232 1125 2267 ANNORUM
1164 2231 1246 2265 111.
1283 2230 1360 2264 ET
1395 2229 1700 2265 MESORUM
1737 2228 1836 2263 VH.

360 2310 416 2347 {ta
442 2310 532 2360 apud
559 2306 767 2344 Malvafiam
795 2307 925 2342 Marm.
954 2305 1075 2341 Felfin.
1105 2319 1180 2355 pag.
1213 2316 1296 2351 371.

461 2384 871 2423 GAUDENTIUS
908 2383 972 2417 IN
1011 2383 1166 2417 PACE
1207 2382 1316 2426 QUI
1352 2381 1531 2418 VIXIT
1568 2381 1757 2416 ANNIS
1793 2377 1878 2411 XX.

459 2463 536 2498 ET
573 2459 701 2495 VI‘II.
740 2458 917 2494 MESIS
954 2457 1202 2503 CINQUE.
1241 2458 1372 2492 DIES
1409 2455 1681 2491 BlGINTI.

458 2538 622 2574 ABET
660 2534 1016 2581 DEPOSSONE
1053 2534 1096 2568 X.
1130 2534 1270 2570 KAL.
1305 2530 1644 2570 OCTOBRES.
1781 2578 1811 2611 E
1838 2574 1872 2611 C

1875 2588 1933 2612 oe-
