2169 3047
275 220 354 258 601

219 267 465 308 Sornacchiare
474 294 484 304 .

215 325 385 358 Sovente.
412 317 565 358 Dubito,
588 331 632 354 an
657 331 676 354 a
700 318 862 354 Subinde.
883 318 977 355 Gall.

265 376 425 408 souvent.

217 426 351 471 SpagO.

213 475 334 521 Spalto
350 499 360 509 .
391 472 410 492 *
440 474 504 508 Vox
531 470 640 517 Tuscis
666 471 797 520 ignota.

213 526 352 559 Stantio
366 549 376 561 .

213 577 335 610 Starna
349 601 358 611 .

213 625 418 662 Strabiliare
431 652 441 662 .

215 678 383 725 Stroppa.

216 727 449 773 Stropicciare
460 754 469 763 .

214 777 375 813 stuccio.
403 778 497 813 Gall.
524 777 638 821 Estui.
665 776 768 826 Hisp.
796 777 952 821 Estucbe.

213 829 362 868 Stucco,
392 828 577 864 Ristucco.

214 878 386 914 Succhio.
414 882 568 916 Terebra.
597 879 732 917 Mutin.
760 880 925 915 Trivello.

214 930 376 964 Svenire.
400 931 467 965 Pro
487 931 689 965 Sveniraento
698 945 718 973 ;
738 940 870 965 veteres
893 931 978 965 Flo-

264 978 398 1015 rentini
425 979 592 1018 dixerunt
628 981 737 1019 etiam
765 980 976 1026 Sfinimeneo.

1020 720 1046 754 B

215 1082 265 1117 Ta
273 1083 367 1117 ceola
380 1109 390 1125 ‚
418 1084 610 1118 Taccolare
622 1108 632 1118 .

213 1133 368 1167 Talento
380 1157 389 1166 .
421 1132 614 1174 Deliae-rium
629 1157 639 1167 .

214 1181 402 1230 Tanghero
411 1209 422 1218 .

210 1231 406 1268 Tarchiato
418 1259 428 1269 .

213 1284 408 1332 Tartaruga
420 1310 430 1320 .

214 1334 410 1369 Tartass'are
420 1360 430 1369 .

213 1382 366 1419 Tartufo
379 1409 389 1421 .
415 1386 599 1431 fungorum
619 1384 754 1432 species.

214 1435 333 1469 Tazza
344 1461 353 1470 .

215 1484 317 1520 Teste
329 1511 338 1520 .

217 1535 364 1571 Tinello
381 1562 392 1572 .

216 1585 362 1622 Tirare.
391 1585 427 1622 Si
455 1600 473 1622 a
505 1587 610 1621 Trabo
644 1586 769 1632 venit,
798 1588 977 1638 peregrina

267 1635 348 1673 sane
373 1636 657 1685 metamorphosis
685 1638 748 1674 est.
775 1641 821 1675 Et
848 1640 978 1686 praeci·
1013 1628 1059 1670 D1

267 1700 335 1736 pue
362 1688 454 1735 quod
493 1689 666 1724 contraria
703 1689 811 1725 etiam
849 1690 978 1739 signifi-

268 1738 408 1773 catione
450 1738 682 1779 adhibeatur,
724 1739 790 1776 hoc
829 1741 874 1776 est
918 1755 978 1789 pro

264 1790 430 1831 Conjicio,
459 1789 615 1827 Proiicio.
653 1791 805 1826 Arabica
838 1792 978 1840 Lingua

267 1838 371 1875 habet
398 1840 547 1875 Tharaha
575 1840 770 1888 significans
798 1842 977 1885 Conjicere,

265 1889 393 1936 longius
421 1890 574 1935 Abjicere
610 1892 677 1927 &aa
711 1893 774 1928 Sed
815 1905 858 1929 ne
893 1893 978 1929 hinc

267 1941 407 1985 quidem
439 1940 489 1975 sat
516 1942 627 1978 lucis.

216 1991 386 2028 Traccia.
414 1993 507 2028 Gall.
537 1997 658 2030 Trace.

218 2041 417 2077 Trafelare.
447 2044 512 2079 Pro
555 2048 736 2090 Languere,
765 2045 822 2082 seu
858 2046 977 2092 Defice-

273 2105 329 2126 re:
355 2092 508 2130 obsoleta
536 2108 627 2131 vox.

219 2143 455 2192 Tramoggia.

221 2193 470 2232 Trasecolare.
512 2197 616 2243 Quafi
657 2206 755 2234 extra
795 2201 979 2240 Saeculum,

274 2241 331 2280 seu
368 2248 554 2289 Mundum,
591 2249 672 2284 ferri
711 2263 789 2287 urae
826 2250 981 2298 stupore.

270 2296 443 2344 Ingeniofi
466 2298 602 2344 juvenis
617 2299 755 2348 Josephi
782 2302 898 2338 Peccii
923 2305 982 2338 Se-

272 2346 382 2382 nenfis
411 2349 610 2395 conjeRura
637 2349 700 2385 est.

214 2395 350 2445 Triopa
368 2425 377 2433 .
406 2401 509 2434 Hanc
534 2401 639 2436 etiam
668 2414 790 2436 vocem
818 2402 982 2444 usurpant

269 2448 390 2494 Galli,
417 2449 606 2493 Britanni,
633 2451 806 2501 Hispani,
836 2449 981 2503 Belgae.

219 2498 389 2536 Tronfio.

223 2549 345 2586 Truffa
361 2578 371 2595 ‚
398 2553 561 2591 Truffare
576 2579 586 2590 .

221 2599 385 2640 Turcaffo
403 2630 413 2650 ς
1000 2599 1008 2640 l

558 204 928 251 DISSERTATIO
961 201 1268 249 TRIGESIMA
1273 200 1344 242 ΤΕ
1346 201 1375 243 R
1385 201 1482 243 ΤΙΑ
1494 235 1506 248 .

1014 267 1047 302 Α
1092 262 1229 300 Vanni.
1257 263 1347 298 Alae
1373 262 1553 297 volucrum.

1705 214 1788 251 602

1090 316 1230 351 Ubbfa.
1262 315 1389 346 Malum
1418 325 1529 347 omen.

1090 367 1231 402 Ubino.
1261 364 1397 407 Species
1425 375 1619 411 equorum.

1090 420 1249 452 verone.

1090 471 1209 505 Vezzo
1220 494 1229 503 .
1247 466 1332 504 Idest
1343 469 1489 514 Carezza
1497 481 1517 511 ,·
1532 467 1566 503 &
1580 469 1685 514 Vezzo
1698 466 1735 502 da·
1747 467 1852 515 perle.

1091 520 1224 564 Vii‘po.

1089 571 1255 620 Vivagno
1271 597 1281 606 .

1090 622 1224 659 Vizzo.
1254 623 1335 657 Lat.
1363 622 1501 665 Mollis,
1529 623 1717 658 Flachdus.

1090 675 1206 709 Voto.
1234 675 1373 708 Vacuus.
1400 675 1552 709 Votare.
1582 676 1738 710 Vacuare.
1762 675 1849 711 Mu—

1138 723 1289 760 tinenses
1326 723 1458 771 aliique
1495 725 1687 760 Lombardi
1726 725 1852 761 dicunt

1141 778 1268 810 Vodar.
1297 774 1396 810 Galli
1426 777 1566 810 Vuia'er.
1604 777 1733 824 Anglis
1761 788 1851 824 quo—

1138 839 1206 875 que
1235 827 1316 861 Voia'
1342 825 1387 861 est
1415 826 1508 876 quod
1537 829 1631 862 Voto-

1087 928 1278 965 zacchera.
1309 928 1413 964 Nihil
1441 927 1552 964 fimile
1581 927 1670 964 mihi
1694 927 1850 964 occurrit

1137 979 1175 1014 in
1197 980 1350 1015 Arabica
1370 980 1534 1028 Lingua,
1557 988 1596 1014 ut
1615 979 1680 1015 alii
1703 987 1848 1027 putant·

1086 1029 1219 1067 Zaino.

1086 1082 1319 1128 Zampillare.

1055 1122 1057 1131 ¹
1085 1131 1259 1166 Zanzara.
1287 1131 1422 1166 Mutin.
1450 1132 1484 1165 δε
1510 1131 1662 1167 Mediol.
1684 1131 1847 1177 Senzala,

1136 1179 1227 1228 quafi
1251 1180 1321 1223 fine
1347 1181 1409 1216 alis
1436 1181 1567 1217 volitet
1584 1207 1593 1217 .

1085 1233 1184 1267 Zolla
1202 1259 1212 1268 .

1084 1284 1197 1319 Zucca
1213 1309 1222 1319 .

1136 1384 1214 1420 Post
1243 1385 1400 1433 Linguas
1438 1386 1593 1434 priorum
1625 1386 1752 1423 Italiae
1789 1385 1846 1422 in-

1086 1436 1240 1471 colarum
1283 1435 1440 1472 succeffit
1477 1438 1631 1478 Latina,
1667 1451 1757 1486 quae
1797 1437 1850 1473 ita

1085 1486 1366 1522 dominationem
1408 1487 1588 1534 arripuit,
1629 1498 1668 1524 ut
1703 1501 1775 1524 non
1813 1502 1852 1524 a·

1085 1536 1171 1571 liam
1194 1536 1320 1572 deinde
1342 1537 1538 1584 usurparint
1562 1538 1686 1574 Italiae
1708 1539 1850 1586 populi,

1056 1599 1299 1634 1quamquam
1340 1600 1408 1622 non
1451 1588 1568 1623 eadem
1614 1602 1680 1623 una
1717 1589 1849 1635 ubique

1086 1636 1202 1676 foret,
1234 1636 1288 1672 sed
1317 1650 1378 1685 pro
1407 1637 1514 1673 variis
1546 1638 1699 1674 Urbibus
1727 1651 1765 1673 ac
1794 1652 1850 1674 re-

1086 1687 1250 1736 giombus
1278 1688 1395 1724 variae
1424 1688 1578 1724 Dialeffi
1617 1689 1845 1725 audirentur:

1087 1751 1154 1786 qua
1181 1739 1223 1774 de
1250 1752 1285 1774 re
1313 1738 1424 1774 sermo
1453 1739 1541 1775 mihi
1579 1739 1648 1775 fuit
1683 1739 1721 1776 in
1749 1750 1849 1776 ante-

1088 1789 1225 1824 cedenti
1243 1789 1494 1826 Differtatione
1506 1817 1513 1825 .
1535 1790 1662 1825 Senfim
1680 1803 1764 1826 vero
1779 1791 1850 1826 im-

1087 1840 1216 1876 mutari
1243 1841 1277 1875 &
1302 1841 1479 1887 corrumpi
1505 1840 1588 1876 haec
1614 1840 1732 1876 eadem
1758 1841 1851 1877 Lin-

1087 1905 1152 1939 gua
1180 1889 1252 1926 visa
1281 1891 1353 1940 est3
1385 1905 1424 1927 ac
1452 1901 1528 1927 tum
1558 1891 1713 1927 maxime
1741 1891 1849 1927 aliam

1087 1942 1211 1977 faciem
1233 1942 1399 1978 affurnere
1419 1942 1536 1990 coepit
1549 1970 1558 1982 .
1574 1956 1683 1990 quum
1702 1942 1851 1990 Septen-

1087 1992 1254 2028 trionales
1283 2002 1402 2041 gentes
1430 2007 1500 2028 non
1528 1992 1640 2029 solum
1669 1993 1706 2028 in
1734 1993 1851 2042 regio-

1087 2057 1166 2078 nern
1195 2043 1291 2078 istam
1332 2043 1505 2092 irrupere,
1543 2043 1599 2079 sed
1636 2043 1714 2080 heic
1740 2046 1850 2080 etiam

1089 2094 1252 2130 vitstrices
1280 2094 1392 2130 sedem
1428 2094 1521 2130 suam
1551 2094 1684 2136 fixere,
1722 2108 1761 2131 ac
1789 2094 1851 2131 diu

1057 2136 1060 2172 Ι
1088 2154 1247 2181 tenuere.
1278 2148 1424 2193 Loquor
1447 2146 1489 2182 de
1512 2147 1680 2189 Herulis,
1701 2145 1763 2193 qui
1788 2145 1851 2181 sub

1057 2173 1060 2224 Ι
1088 2196 1245 2232 Odoacre
1267 2197 1371 2232 Italia
1396 2197 1504 2245 potiti
1530 2196 1634 2246 sunt;
1656 2199 1689 2232 &
1716 2197 1758 2233 de
1776 2198 1854 2232 Go-

1057 2225 1061 2291 1
1088 2246 1186 2286 this,
1221 2247 1283 2295 qui
1312 2248 1536 2284 Theoderico
1572 2248 1659 2284 duce
1690 2250 1851 2296 Regnum

1057 2302 1060 2314 ‘
1090 2297 1187 2333 suum
1215 2298 1293 2335 heic
1329 2299 1543 2349 statuerunt3
1582 2309 1656 2335 turn
1686 2299 1728 2334 de
1757 2301 1854 2334 Lan-

1058 2325 1062 2407 !
1089 2349 1279 2399 gobardis3
1318 2350 1442 2387 deinde
1469 2351 1510 2387 de
1539 2350 1703 2389 Francis,
1731 2350 1765 2385 &
1793 2348 1854 2385 de-

1060 2411 1062 2420 *
1090 2399 1197 2447 nique
1224 2401 1264 2436 de
1291 2401 1499 2441 Germanis.
1528 2402 1589 2450 qui
1621 2400 1722 2437 nobis
1750 2400 1855 2436 dede-

1059 2422 1063 2479 1
1089 2461 1172 2486 runt
1198 2453 1306 2500 Reges
1326 2454 1360 2487 &
1384 2455 1613 2500 Imperatores
1640 2453 1853 2500 permultos.

1060 2482 1063 2528 1
1092 2503 1277 2550 Propterea
1307 2502 1426 2538 senfim
1456 2504 1495 2538 in
1523 2503 1785 2539 desuetudinem
1817 2515 1858 2536 a-·

1091 2551 1183 2588 biere
1221 2555 1417 2599 complures
1454 2567 1498 2589 ex
1535 2554 1678 2590 Latinis
1707 2552 1856 2587 vocibus

1089 2614 1128 2639 ac
1149 2603 1345 2652 phrafibuS,
1361 2605 1395 2640 &
1416 2617 1480 2655 pro
1502 2603 1548 2642 iis
1567 2604 1749 2644 invaluere
1766 2604 1856 2660 <Jer-

1689 2665 1804 2690 mam-
