2169 3047
206 246 272 337 gloc,
277 246 424 329 egri-ri,
459 288 513 319 sta
517 283 607 326 ixus,
643 284 805 328 strixius,
840 284 925 320 Stri-

213 343 290 384 xia,
316 335 467 380 striscia.
499 336 574 382 Ego
602 335 832 371 Germanicae
864 349 924 384 po-

214 390 286 425 tius
313 385 461 434 originis
499 384 588 419 hanc
621 398 742 421 vocem
774 387 922 434 opinor:

213 439 342 486 quippe
374 435 559 471 Germanis
597 435 641 470 est
668 438 793 480 Strich‚
822 436 924 485 signi-

212 488 319 525 ficans
360 487 481 527 Linea,
514 486 626 532 luga,
656 486 764 528 Lista.
801 489 924 522 Gallo-

212 552 289 575 rum
319 549 415 572 more
453 536 711 586 pronuntiando
745 538 864 581 Strisc,
894 540 926 572 1-

212 588 278 623 tali
321 586 470 623 fortaffis
512 588 740 624 efformarunt
775 589 925 632 Striscr'a.

213 640 260 674 Et
286 639 581 686 quemadmodum
607 637 774 673 Germani
803 638 926 674 dicunt

213 689 264 724 ein
292 689 396 723 strich
422 690 554 733 landes,
583 689 633 725 ita
662 702 723 724 nos
751 702 814 723 una
842 690 926 723 Stri-

210 739 279 785 [εἶα
304 739 340 773 di
363 741 452 786 paese
477 740 650 781 dicimus,
674 741 708 774 &
733 740 865 784 Striscia
891 740 927 774 di

213 801 340 837 panno,
367 790 404 824 di
432 802 518 827 carta
547 791 618 830 &aa
646 789 801 838 Anglica
837 803 922 837 quo-

216 853 283 888 que
311 840 450 890 Lingua
470 856 511 878 ex
537 841 723 878 Germanis
749 840 836 876 hanc
861 854 925 876 vo-

217 903 293 926 cem
331 903 490 929 mutuata
526 893 691 932 videtur,
729 905 766 926 ac
807 891 926 927 durius

215 954 291 977 eam
319 943 572 989 pronuntians,
596 943 700 979 habet
725 945 858 985 Streak‚
886 941 922 976 fi-

216 991 387 1040 gnificans
414 995 568 1040 Striscia,
595 995 704 1042 Riga
737 996 854 1044 Belgis
883 992 927 1028 est

215 1043 343 1081 Streek.

165 1097 353 1138 Strozzare.
373 1099 555 1142 jugulare,
584 1097 810 1143 strangulare.
843 1099 925 1131 Vox

215 1145 338 1181 omissa
379 1147 575 1195 Menagio.
616 1150 801 1182 Cramerus
838 1149 923 1181 Ger-

215 1195 393 1229 manicum
423 1199 565 1230 verbum
592 1199 737 1239 Strotzen
768 1195 820 1230 uti
847 1208 923 1241 pro-

215 1242 327 1289 prium
358 1243 456 1280 illius
484 1244 667 1292 Linguae,
696 1254 800 1292 atque
832 1245 923 1282 idem

215 1291 431 1338 significans,
460 1294 561 1327 nobis
589 1295 772 1328 exhibuit.
808 1297 867 1328 An
896 1297 922 1329 i-

214 1349 250 1374 ta
279 1355 330 1377 res
359 1341 391 1376 se
424 1341 570 1381 habeat,
598 1342 746 1377 eruditis
782 1345 922 1378 Germa-

215 1391 269 1427 nis
297 1392 549 1428 decernendum
590 1393 759 1428 dimitto.
790 1397 927 1439 Strozza

180 1484 184 1488 η
217 1454 279 1488 pro
307 1446 442 1477 Gutture
469 1443 633 1478 nonnulli
662 1443 887 1486 usurparunt.

165 1492 280 1535 Scissa.
306 1494 556 1540 Hypocaullum‚
582 1495 766 1528 Cubiculum
792 1495 927 1538 clausum

216 1546 257 1579 ab
277 1544 349 1590 igne
364 1544 565 1588 calesaflum.
585 1544 765 1581 Salmafius
786 1558 803 1581 a
819 1547 926 1582 Grae-

217 1617 259 1639 co
278 1596 442 1651 Τύφων,
463 1604 555 1653 quod
576 1604 620 1640 est
643 1608 839 1644 Accendere,
861 1605 926 1649 hoc

219 1655 428 1690 vocabulum
461 1655 629 1699 deduxit,
658 1656 714 1691 cui
753 1655 784 1689 se
814 1655 928 1702 jungit

218 1704 425 1753 Menagius.
453 1705 589 1754 Lipsius
611 1709 693 1742 vero
718 1719 736 1741 a
757 1709 845 1740 ‘rubo
871 1707 928 1741 de-

217 1755 372 1792 rivavit.
407 1758 538 1792 Verum
577 1757 629 1792 uti
668 1755 809 1796 Voffio,
847 1756 927 1793 alii-

217 1805 299 1853 sque
341 1806 452 1842 visum
495 1807 560 1846 est,
598 1807 666 1842 fine
707 1806 928 1843 dubitatione

218 1856 402 1892 tribuenda
432 1856 572 1893 videtur
599 1858 700 1907 origo
737 1858 835 1893 vocis
864 1858 927 1894 hu-

217 1907 271 1956 jus
292 1907 522 1942 Germanicae
543 1907 724 1954 Linguae,
745 1922 832 1957 quae
852 1912 927 1944 stu-

218 1960 254 1993 be
282 1957 488 2001 Vaporart‘um
524 1959 696 2006 appellat.
734 1959 926 1996 Lombardi

218 2020 279 2055 per
318 2009 356 2043 V.
394 2007 585 2043 consonans
627 2009 737 2044 adhuc
778 2023 928 2053 pronun

218 2057 312 2093 tiant
331 2061 459 2103 Stuva,
481 2058 534 2094 sed
555 2059 664 2094 Tusci
692 2059 830 2106 preffius
852 2074 928 2105 pro-

218 2107 442 2148 nuntiantes,
466 2109 561 2152 stusa
587 2109 727 2150 dixere,
754 2113 928 2146 Saxonum

219 2172 336 2198 more,
365 2159 425 2206 qui
453 2160 543 2203 Stofa
571 2160 690 2207 ajunt.
717 2161 814 2197 Galli
842 2175 930 2208 quo-

217 2222 285 2257 que
306 2209 492 2245 effecerunt
508 2210 648 2252 Estuve.
667 2211 778 2259 Angli
799 2212 831 2246 ὃ(
851 2213 930 2247 Bel—

216 2273 279 2309 gae
306 2269 398 2293 sto-ve
410 2274 430 2302 ;
453 2270 492 2295 ut
518 2260 636 2296 videas
661 2262 816 2309 antiquis
840 2272 930 2298 tem—

217 2310 361 2358 poribus
380 2311 674 2358 Septentrionales
694 2313 846 2360 Populos
870 2326 929 2358 po-

215 2363 286 2396 tius
334 2374 391 2408 per
438 2365 475 2395 V.
519 2361 710 2398 consonans
758 2362 930 2399 inflexisse

215 2410 302 2445 hanc
331 2425 476 2447 vocem:
506 2412 598 2457 quod
623 2413 656 2447 &
684 2413 794 2449 adhuc
819 2416 928 2450 Lorn-

217 2460 311 2495 bardi
352 2462 454 2498 nostri
485 2462 640 2498 faciunt.
680 2465 805 2511 Neque
836 2478 888 2499 era
895 2474 929 2503 t,

219 2522 280 2543 cur
305 2511 444 2547 Voffius
474 2515 507 2548 &
538 2513 601 2549 alii
631 2516 856 2561 quaererent,
888 2527 930 2550 an

217 2558 330 2610 iplum
356 2565 425 2596 Ger
411 2563 607 2600 rmanicum
631 2565 829 2611 Stub,s1ve
853 2568 929 2600 Sta

271 2613 444 2651 Tom.V1.

509 223 875 269 DIS'SERTATIO
906 222 1448 267 TRIGESIMATERTIA.

964 284 997 319 A

968 1635 1001 1668 D

1627 240 1736 267 1010

1088 285 1144 324 be,
1168 296 1186 319 a
1212 281 1344 319 Latino
1367 282 1508 326 Aelim,
1532 289 1592 318 aut
1618 295 1636 318 a
1662 285 1797 318 Graeco

1087 336 1229 388 Τύφων
1249 339 1484 378 descenderit.
1509 343 1595 378 Pura
1621 351 1702 391 pura
1726 355 1797 380 vox

1088 394 1297 429 Germanica
1327 393 1389 427 illa
1416 390 1576 433 videtur
1604 407 1622 428 a
1655 396 1796 434 seo-vm,

1088 444 1181 492 quod
1217 443 1261 479 est
1299 446 1439 486 fovere,
1469 440 1641 490 profefiia.
1672 444 1798 480 Simile

1088 496 1231 530 verbum
1261 507 1303 529 ex
1331 491 1520 529 Germania
1548 503 1727 540 acceptum
1757 508 1798 529 u-

1089 545 1142 580 sur
1129 554 1229 594 pant
1266 544 1400 593 Angli,
1437 556 1561 585 nempe
1596 546 1709 584 stow
1738 556 1798 579 cu-

1090 597 1141 644 jus
1170 595 1379 644 significatio
1406 593 1451 630 est
1485 595 1660 637 claudere,
1689 593 1798 636 Custo-

1088 649 1174 681 dire.
1203 647 1404 681 Nimirum:
1436 647 1532 679 Stube
1556 644 1594 680 δι’.
1617 645 1714 688 Suasa
1737 657 1799 693 ap—

1089 698 1218 745 pellata
1239 697 1388 740 Custodia
1408 695 1476 731 five
1501 696 1686 730 Cubiculum
1710 699 1798 730 clau-

1082 749 1174 792 sum,
1202 761 1272 795 quo
1300 747 1332 783 se
1368 746 1585 794 recipiebant
1613 745 1799 790 homines,

1088 799 1226 834 arcendi
1246 797 1387 847 frigoris
1413 796 1544 832 caussa.
1567 799 1687 843 Atque
1713 796 1798 831 hinc

1087 849 1211 884 itidem
1242 848 1403 898 prodiisse
1435 847 1574 882 videtur
1609 847 1735 891 Stusato
1765 848 1799 881 1-

1088 899 1232 935 talicurn
1261 900 1353 935 inter
1377 899 1503 945 dapes,
1529 898 1622 945 quod
1652 910 1730 932 caro
1758 897 1798 932 in

1087 951 1158 985 olla
1197 950 1281 986 bene
1318 948 1479 985 conclusa
1522 961 1600 983 cum
1639 949 1693 983 bu
1704 961 1798 992 yro,

1086 1001 1194 1043 vino,
1223 1000 1312 1044 sale,
1341 1001 1373 1035 &
1411 999 1624 1036 aromatibus
1663 998 1799 1046 paulla-

1086 1051 1150 1086 tim
1181 1061 1370 1097 coquatur.
1398 1050 1509 1098 Angli
1540 1049 1746 1084 vocabulum
1778 1062 1798 1083 a

1085 1104 1178 1135 stow
1213 1101 1386 1136 diversum
1427 1100 1612 1148 usurpant,
1649 1099 1715 1134 hoc
1752 1098 1799 1134 est

1084 1160 1116 1183 to
1143 1154 1253 1185 Stew.
1283 1152 1345 1186 Sed
1377 1150 1468 1185 Dani
1497 1151 1674 1196 appellant
1700 1149 1799 1189 Eslu-

1083 1213 1160 1239 ver,
1188 1199 1281 1246 quod
1310 1213 1327 1234 a
1356 1203 1462 1233 Stuva
1493 1198 1644 1233 facium.
1671 1198 1800 1244 Stuffa-

1084 1261 1115 1284 to
1141 1250 1249 1285 etiam
1278 1250 1311 1284 ἃ
1340 1250 1445 1295 Stuffo
1472 1247 1731 1284 Mutinenfibus
1759 1248 1799 1283 in

1085 1298 1144 1332 usu
1168 1299 1234 1336 est,
1257 1311 1294 1332 ac
1322 1298 1492 1344 fignificat
1518 1298 1697 1331 hominem
1723 1308 1800 1333 toe—

1085 1347 1147 1382 dio
1174 1347 1358 1386 anicetum,
1387 1347 1479 1393 quod
1510 1346 1618 1381 Tusci
1649 1360 1708 1396 per
1735 1360 1799 1382 vo-

1086 1411 1140 1433 ces
1176 1401 1283 1431 stucco
1318 1398 1350 1432 δε
1392 1397 1532 1439 Ristucco
1570 1399 1799 1444 exprimunt.

1085 1452 1145 1484 An
1174 1462 1191 1483 a
1228 1447 1330 1493 stufis
1356 1447 1550 1483 desumtum
1589 1447 1696 1484 fuerit
1735 1462 1800 1484 vo-

1086 1500 1248 1534 cabulum
1287 1499 1395 1538 istud,
1427 1498 1676 1547 inquirendum
1714 1499 1798 1536 aliis

1086 1550 1272 1597 relinquo.

1034 1598 1232 1646 Subbiffare.
1261 1602 1298 1634 In
1323 1600 1512 1647 profundum
1538 1600 1688 1645 dejicere.
1716 1602 1798 1636 Fal-

1087 1651 1174 1686 litur
1214 1650 1428 1699 Menagius,
1471 1651 1531 1698 qui
1574 1664 1592 1686 a
1632 1649 1799 1696 Subaffare

1087 1702 1154 1737 hoc
1199 1701 1342 1737 verbum
1391 1701 1619 1737 hauriendum
1669 1701 1797 1737 docet.

1088 1755 1190 1788 Suam
1227 1752 1401 1800 originem
1439 1751 1540 1787 debet
1574 1765 1592 1787 a
1629 1752 1799 1787 Barbaro-

1088 1802 1221 1840 Latiuo
1248 1804 1357 1838 verbo
1383 1802 1610 1848 Subabyffare,
1637 1802 1704 1837 hoc
1731 1801 1798 1847 est,

1083 1856 1143 1899 sub
1162 1852 1300 1901 abyffum
1321 1854 1459 1888 mittere.
1480 1852 1713 1888 Contraffium
1735 1866 1800 1900 po-

1089 1905 1153 1940 stea
1182 1918 1243 1952 pro
1271 1918 1367 1940 more
1396 1903 1541 1940 Italicae
1570 1903 1731 1953 Linguae
1759 1903 1799 1938 in

1088 1954 1267 2001 Subbiffare
1294 1954 1422 1991 evasit.

1038 2007 1198 2041 Succiare.
1233 2007 1410 2054 Exsugere.
1447 2005 1539 2042 Vide
1575 2004 1616 2041 ad
1653 2004 1799 2040 verbum

1089 2057 1284 2103 Asciugare.

973 2090 1013 2123 E
1038 2109 1196 2143 svellere.
1225 2108 1373 2154 Eripere.
1399 2108 1529 2142 Svelto.
1558 2109 1717 2151 Emptas,
1743 2108 1801 2140 A·

1087 2158 1185 2205 gilis.
1215 2160 1357 2194 Norunt
1383 2170 1526 2200 ornnes,
1550 2156 1722 2193 Latinum
1751 2158 1803 2190 E-

1089 2208 1226 2251 vellere‚
1255 2206 1323 2243 five
1350 2209 1519 2242 Eae-vellere
1545 2207 1596 2242 ita
1625 2206 1800 2243 redditum

1089 2259 1132 2294 ab
1159 2258 1281 2300 Italis,
1307 2258 1368 2306 qui
1394 2259 1468 2305 ejus
1496 2257 1606 2306 postea
1633 2255 1801 2292 inflexio-

1088 2322 1166 2344 nem
1191 2318 1473 2355 corrumpentes,
1501 2322 1563 2357 pro
1590 2307 1728 2350 Evulfi‘,
1751 2309 1802 2340 E-

1085 2360 1212 2404 vulsum
1236 2359 1356 2396 dixere
1376 2358 1510 2399 Evelli‚
1535 2361 1710 2396 Eveltum,
1736 2369 1802 2392 un-

1086 2411 1127 2446 de
1163 2411 1292 2445 sveleo.
1336 2409 1499 2444 Dicimus
1541 2409 1648 2444 etiam
1690 2408 1803 2442 Svelto

1089 2474 1151 2508 pro
1172 2460 1309 2507 Agilis
1334 2473 1371 2495 ac
1399 2459 1523 2495 solutis
1550 2458 1714 2495 membris
1740 2458 1802 2493 ha-

1089 2511 1193 2547 bilis.
1222 2512 1380 2546 Utuntur
1408 2509 1445 2546 ἃ
1483 2509 1656 2557 Hispani.
1685 2508 1734 2543 Ea
1760 2507 1803 2543 si-

1089 2560 1318 2610 gnificatione
1354 2560 1530 2598 Ferrarius
1566 2570 1802 2641 natumscen-

1155 2614 1178 2649 S
1204 2624 1219 2647 s
1244 2624 1260 2647 s
1696 2618 1746 2646 „et
