2169 3047
261 249 342 291 773

546 226 913 273 DISSERTATIO
944 228 1486 274 TRIGESIMATERI‘IAJ

242 293 363 338 ficisci.
391 293 488 326 Voce
514 287 578 323 hac
606 286 820 336 significatur
850 290 956 333 facul-
996 291 1031 326 A

250 354 300 379 tas
327 342 506 386 abscedendi
535 339 627 384 (nos
655 340 841 385 Licenziare
867 340 957 376 dici-

249 393 353 440 mus)
380 391 469 426 unde
496 389 606 425 adhuc
634 390 819 425 Germanis
840 403 859 425 a
879 403 957 427 ver-

249 444 295 479 bo
330 439 505 485 sibenden,
533 441 756 484 Abschiden,
798 442 956 487 Partim,

247 493 288 529 in
314 492 375 528 usu
402 492 447 527 est
475 493 657 536 Ahlchied‚
685 494 848 539 Congedo.
887 494 956 529 La-

247 542 362 579 tinam
405 556 527 578 vocem
570 546 767 577 Commeatus
807 542 956 579 fortaffis

247 593 437 642 expressere
481 592 776 629 Latino-Barbari
821 607 879 640 per
914 594 956 628 fi-

248 645 371 680 milem
401 657 443 679 ex
472 644 682 679 Germanica
720 643 860 691 Lingua
899 658 953 693 pe-

247 694 352 730 titam
370 721 379 729 .
415 695 512 739 Quid
541 695 635 730 enirn
664 694 709 729 est
736 701 956 734 commeatus,

248 745 311 780 nifi
336 748 416 779 Cum
436 745 472 780 ὅ(
496 748 626 783 Meare,
655 744 737 779 idest
765 748 812 779 Ire
832 745 958 785 fimul?

247 794 365 843 Atqui
406 798 486 829 Cum
511 819 521 834 ,
562 796 595 829 &
637 796 741 829 Gehen
779 795 954 831 Teutoni—

248 858 351 889 cum,
388 844 575 892 conjunC’ta
603 844 696 880 idem
735 844 957 894 significant,

248 895 315 931 hoc
352 895 397 931 est
432 899 536 930 Simul
575 898 639 930 [re.
687 897 837 931 Proinde
875 897 957 932 hinc

247 956 368 982 natum
399 946 538 982 viderur
564 947 743 982 Gallicum
772 948 803 981 &
829 948 957 995 Angli—

249 1009 328 1033 cum
351 998 479 1044 Gange,
508 996 544 1032 &
567 1000 744 1043 Gange-are,
767 998 958 1036 Dimittere,

249 1046 448 1096 usurpatum
471 1049 512 1082 ab
533 1048 690 1094 antiquis
720 1048 853 1084 Latino
875 1049 950 1082 Bar-

249 1098 367 1137 baris,
404 1099 501 1143 cujus
537 1098 587 1132 rei
624 1099 784 1144 exempla
826 1097 958 1142 profert

247 1149 501 1195 Du-Cangius.
528 1151 687 1192 Congeare
717 1145 874 1192 profeEto
901 1147 951 1182 in—

246 1198 363 1232 dicare
390 1199 531 1232 videtur
557 1196 739 1243 Con-gehen
767 1198 956 1232 Germani-

245 1260 353 1291 cum,
394 1247 525 1284 Latina
565 1246 818 1284 terminatione
861 1247 954 1284 usur-

246 1308 367 1346 patum
385 1324 394 1333 .

197 1350 425 1394 Congegnare.
470 1348 699 1394 Compagt‘nare
724 1374 734 1388 ,
773 1352 928 1395 Copulare
949 1376 958 1384 .

251 1400 344 1435 Nata
379 1411 449 1432 vox
478 1398 618 1432 videtur
645 1410 663 1431 e
692 1398 798 1432 verbo
834 1399 957 1433 barba-

248 1449 322 1484 rice
349 1448 533 1483 efformato
560 1448 844 1494 Cum-ingeniare.

198 1499 363 1533 Coniare.
407 1500 527 1532 Cudere
564 1498 727 1545 pecuniam
751 1525 760 1534 .
802 1498 956 1534 Monofi-

250 1549 351 1589 nius,
379 1558 483 1597 atque
506 1562 549 1584 ex
574 1562 616 1584 eo
642 1548 847 1585 Academici
868 1552 957 1584 Cru-

250 1599 343 1635 scani
372 1625 382 1639 ,
424 1613 441 1635 a
482 1601 617 1635 Graeco
659 1605 783 1642 εἰκονιοιζιν
823 1600 954 1635 deriva-

249 1658 327 1685 tum
356 1650 421 1685 hoc
455 1650 598 1685 verbum
639 1659 825 1698 putarunt.
862 1649 958 1696 Quid

249 1699 465 1750 Menagius?
498 1704 550 1735 Da
576 1703 724 1744 Cuneus,
745 1701 865 1742 ficuro.
893 1707 954 1735 (ju-

249 1765 352 1795 neus,
389 1753 535 1793 Canius,
572 1752 712 1794 Canius,
749 1753 869 1792 Canio,
898 1754 958 1785 Co—

249 1802 358 1837 m‘are‚
386 1801 502 1847 Atqui
529 1804 675 1844 Cuneus,
716 1801 839 1836 Italice
869 1803 956 1835 Bier-

247 1862 284 1888 ta
303 1851 387 1898 quid
409 1851 536 1898 quaeso
551 1852 600 1886 rei
618 1851 723 1886 habet
742 1865 820 1887 cum
844 1853 957 1887 Num-

249 1902 317 1938 mis
344 1903 380 1937 in
409 1902 559 1938 Moneta
592 1901 778 1950 percuffis?
809 1904 957 1938 Certum

249 1952 393 1998 censeo,
421 1967 463 1988 ex
490 1952 638 1988 Graecia
660 1953 699 1988 ad
730 1967 791 1988 nos
813 1954 956 1989 verbum

250 2003 405 2052 veniffe3
443 2004 477 2038 8<
514 2004 656 2051 quidem
694 2005 736 2039 ab
773 2006 865 2039 Icona
904 2004 958 2039 seu

251 2054 357 2088 leonia
384 2054 560 2090 barbarica
588 2067 697 2096 voce,
724 2067 793 2102 qua
820 2068 840 2090 a
868 2056 958 2091 mul-

252 2104 298 2139 tis
328 2105 459 2140 Seculis
495 2104 540 2140 usi
580 2104 660 2140 sunt
696 2105 889 2153 Scriptores
918 2106 959 2142 ad

249 2154 489 2203 designandam
531 2155 683 2202 Effigiem
708 2183 720 2200 ‚
760 2157 957 2203 Imaginem.

249 2205 375 2241 Silicet
404 2207 538 2241 Iconiare
564 2206 697 2241 digium
729 2206 797 2242 fuit
834 2207 957 2253 impri-

249 2268 345 2292 mere
370 2256 409 2292 in
439 2257 604 2292 Nummis
634 2257 826 2306 Imaginem
858 2257 959 2293 Prin·

250 2306 360 2353 cipis.
389 2308 480 2343 Vide
510 2309 763 2355 Du-Cangium
791 2309 832 2343 ad
871 2308 959 2344 hanc

248 2368 371 2392 vocem
400 2358 438 2393 in
461 2358 637 2394 Gloffario
664 2358 817 2395 Latino.
848 2358 960 2394 Dixe-

248 2417 331 2442 runt
356 2409 464 2444 etiam
495 2408 678 2456 Effigiare.

197 2459 394 2505 Conquidere
413 2485 423 2495 .
464 2462 558 2494 Male
599 2460 730 2504 babere,
769 2460 959 2507 Affh'gere‚

250 2509 462 2551 prosternere.
489 2510 524 2545 Si
550 2511 719 2559 Menagio
743 2510 849 2555 fides,
875 2515 959 2545 Con-

249 2561 376 2606 quidere
394 2574 446 2597 -ex
481 2561 685 2609 Conquestare
720 2562 958 2599 Latino-Bar-

1004 746 1044 780 Bi

1005 1651 1035 1683 D

1689 255 1774 297 774

1119 289 1202 324 baro
1231 289 1385 336 prodiit.
1425 291 1458 324 Is
1485 291 1578 327 enim
1608 294 1700 332 idem
1732 307 1834 345 putat

1117 341 1313 386 Conquidere
1350 340 1384 374 δε
1421 343 1647 388 Conquistare.
1686 348 1831 386 Basilice

1116 390 1255 426 fallitur
1281 389 1337 425 vir
1364 390 1509 427 ἀοξὶιιε.
1538 394 1686 431 Diversa
1713 401 1831 437 omni-

1117 454 1164 476 no
1191 442 1225 476 δε
1254 441 1393 490 origine
1415 443 1448 476 &
1477 441 1732 491 significatione
1754 449 1832 488 sunt

1116 491 1200 527 haec
1227 492 1296 527 duo
1324 493 1446 528 verba.
1475 492 1516 528 In
1537 507 1687 532 errorem
1709 509 1826 547 raptus

1117 542 1209 585 fuit,
1228 543 1321 590 quod
1339 544 1532 585 censuerit,
1558 546 1724 583 Italicum
1747 553 1833 586 Con-

1117 594 1202 641 quiso
1240 593 1332 629 nihil
1368 593 1464 630 aliud
1501 596 1585 635 effe,
1625 598 1687 633 nifi
1716 602 1833 638 Galli-

1119 657 1199 679 cum
1228 645 1391 692 Conquis,
1432 646 1664 695 participium
1693 649 1833 688 scilicet:

1118 694 1216 730 verbi
1244 696 1437 741 Conquerir‚
1474 709 1582 744 quum
1611 707 1729 736 tamen
1760 704 1831 738 Ita-

1117 745 1190 780 lico
1217 747 1370 792 Conquiso
1396 746 1489 782 nihil
1509 748 1559 784 rei
1582 748 1623 785 fit
1644 763 1722 786 cum
1745 755 1833 789 Gal-

1118 795 1190 831 lico
1217 796 1375 843 Conquis.
1406 799 1526 846 Atque
1554 799 1591 834 in
1619 801 1711 837 hunc
1732 817 1832 839 eum·-

1118 847 1195 882 dem
1225 860 1376 883 errorem
1404 859 1504 884 antea
1541 852 1717 900 prolapsus
1756 854 1831 890 fue-

1118 906 1172 932 rat
1214 899 1363 933 Bembus
1407 899 1490 935 Lib.
1534 901 1655 937 Primo
1699 905 1830 941 Prosar.

1118 960 1221 994 quem
1250 948 1484 985 Castelvetrus
1512 951 1624 987 noster
1651 953 1688 988 in
1715 956 1833 991 Addi-

1118 1006 1264 1034 tament.
1293 1001 1517 1041 emendavit,
1545 1001 1722 1039 scribens:
1747 1009 1833 1040 Con-

1117 1049 1202 1095 quiso
1237 1049 1254 1083 ὲ
1289 1063 1362 1084 voce
1398 1053 1561 1091 Italiana,
1601 1058 1641 1087 ed
1678 1056 1694 1088 ἑ
1732 1057 1835 1092 intera

1119 1099 1263 1142 Latina,
1299 1100 1361 1134 εἰσὶ
1395 1103 1561 1146 Concisus.
1600 1105 1652 1139 Ne*
1682 1106 1834 1152 figntfica

1117 1150 1241 1194 quello,
1268 1149 1320 1182 ebe
1341 1150 1380 1192 fa
1407 1153 1632 1197 Conquistato,
1671 1156 1703 1188 in
1737 1158 1834 1201 guisae

1116 1199 1168 1232 che
1194 1198 1293 1232 l'una
1323 1198 1354 1239 fi
1387 1199 1472 1246 poffa
1498 1203 1571 1246 usar
1604 1213 1660 1249 per
1685 1203 1832 1243 l’altra.

1117 1248 1292 1283 Perciocch&
1330 1251 1484 1297 Conquiso
1514 1251 1664 1299 fignifica
1696 1257 1836 1302 Taglia-

1116 1309 1176 1344 to,
1211 1314 1228 1334 e
1263 1301 1298 1334 in
1335 1301 1455 1336 minute
1488 1304 1578 1349 parti
1612 1305 1745 1350 diviso:
1782 1321 1834 1342 ma

1116 1351 1341 1394 Conquislam,
1382 1354 1617 1398 Guadagnato,
1655 1358 1836 1392 Procaccia-

1117 1408 1167 1431 to.
1201 1399 1371 1432 Animum
1409 1400 1450 1434 ad
1492 1401 1575 1437 haec
1612 1416 1682 1439 non
1711 1407 1835 1443 adver-

1118 1447 1166 1482 tit
1195 1448 1405 1497 Menagius.
1434 1452 1601 1488 Ceterum
1630 1467 1699 1490 non
1730 1456 1834 1494 facile

1118 1497 1365 1534 subscriberem
1391 1501 1631 1545 Castelvetro‚
1658 1506 1834 1544 deducen-

1117 1548 1146 1584 ti
1175 1562 1218 1584 ex
1246 1551 1383 1583 concido
1409 1553 1622 1598 Conquidere.
1652 1558 1776 1606 Neque
1797 1573 1833 1594 e-

1118 1600 1192 1634 nim
1215 1599 1376 1646 Conquido
1394 1613 1513 1637 revera
1541 1602 1733 1652 significat,
1763 1609 1833 1644 mi-

1117 1648 1271 1684 nutatim
1300 1650 1435 1698 aliquid
1464 1653 1668 1692 concidere.
1697 1659 1743 1693 Et
1772 1672 1832 1695 cur

1117 1702 1171 1734 CI.
1200 1700 1307 1735 evasit
1334 1701 1371 1736 in
1400 1705 1514 1748 QUI?

1066 1750 1286 1797 Conquiftare.
1314 1753 1488 1799 Adipifti,
1525 1758 1714 1801 Comparare
1741 1759 1827 1800 sibi.

1118 1803 1173 1836 Ac
1215 1801 1396 1860 praecipue
1432 1803 1473 1839 de
1513 1805 1589 1842 illis
1630 1807 1697 1844 hoc
1737 1810 1828 1846 dici-

1117 1865 1217 1891 mus,
1254 1865 1316 1900 qu1
1352 1866 1391 1889 νι
1427 1867 1604 1892 armorum
1643 1859 1830 1907 potiuntur

1120 1902 1250 1951 Regnis
1276 1931 1286 1947 ‚
1328 1904 1482 1941 Urbibus
1509 1934 1520 1950 ‚
1569 1916 1630 1944 aut
1670 1910 1801 1947 Castris
1822 1938 1833 1948 .

1119 1954 1276 1989 Verbum
1305 1953 1397 1994 hoc,
1435 1955 1457 1991 sl
1493 1958 1701 2008 Menagium
1730 1962 1832 1999 audi-

1119 2017 1196 2039 mus
1212 2028 1221 2043 ,
1248 2017 1267 2039 a
1295 2005 1602 2045 Latino-Barbare
1626 2013 1833 2059 Conquestar‘e

1118 2054 1219 2089 venit
1236 2081 1244 2090 .
1273 2057 1326 2090 Ar
1347 2057 1437 2092 unde
1465 2057 1577 2103 ipsum
1600 2064 1835 2109 Conquestare?

1119 2105 1263 2140 Rec‘stius
1286 2105 1349 2141 ille
1369 2106 1533 2153 dixisset,
1562 2112 1734 2149 Italicume
1749 2117 1834 2149 Con-

1116 2157 1252 2202 quiflare
1291 2156 1453 2204 prodiisse
1480 2172 1500 2194 a
1529 2161 1725 2210 Participio
1764 2163 1835 2201 five

1117 2207 1251 2253 Supino
1274 2206 1398 2243 Latini
1421 2209 1519 2245 verbi
1541 2214 1720 2258 Conquiro,
1737 2215 1832 2261 quod

1119 2270 1181 2306 pro
1207 2258 1351 2304 Aequiro
1377 2260 1527 2301 majores
1556 2263 1660 2299 nostri
1689 2264 1831 2311 usurpa-

1118 2316 1201 2343 runt
1223 2335 1233 2344 .
1278 2310 1415 2357 Nempe
1459 2313 1676 2359 Conquisitum
1722 2315 1831 2352 evafit

1117 2359 1342 2407 Conquistum,
1371 2360 1410 2397 &
1437 2360 1519 2398 inde
1545 2365 1749 2411 Conquistare
1766 2393 1776 2401 .

1065 2411 1232 2446 conrado.
1269 2411 1362 2447 Vide
1399 2411 1687 2451 Differtationem
1726 2418 1827 2452 vm.

1115 2462 1157 2495 de
1181 2461 1381 2499 Comitihus.

1066 2513 1219 2548 comare.
1246 2515 1407 2549 Narrare.
1441 2514 1535 2552 Vide
1559 2515 1653 2555 infra
1681 2516 1825 2552 verbum

1073 2583 1076 2585 ·
1092 2567 1331 2598 --Raccontare.

1209 2614 1332 2648 Ccc
1385 2625 1407 2650 2
1694 2618 1780 2651 Con-
