2169 3047
156 419 1785 551 DISSERTATic)

346 645 1593 753 TRIGESIMA‚

293 834 514 859 „mm-„gx
540 816 743 849 Ercaturam
765 826 917 862 agnove—
953 813 985 847 A

472 852 536 901 ᾸἾ
566 879 623 908 re,
652 866 834 912 multoque
852 865 915 902 stu-

565 916 625 951 dio
652 929 833 951 exercuere
859 919 913 952 Se-

566 968 642 1001 cula
694 966 801 1001 etiam
855 980 912 1002 an-

515 1046 521 1053 Ἶ
567 1016 761 1064 tiquiffima
791 1043 800 1051 .
859 1017 914 1052 Ut

512 1063 525 1110 ήῖ,
566 1068 661 1102 enim
729 1067 914 1103 circulatio

511 1123 519 1140 ³
565 1117 742 1166 sanguinis
761 1117 913 1153 humano

350 1171 398 1195 1²22
450 1164 524 1196 ³³³³?ss
565 1168 741 1215 corpori,
785 1179 832 1203 lta
874 1167 911 1205 ἃ

148 1215 299 1263 politico
329 1218 512 1254 neceffaria
533 1246 543 1260 ,
572 1219 698 1254 nedum
728 1219 911 1254 utiliffima

150 1265 193 1301 est
235 1265 423 1304 circulatio
459 1268 634 1305 fruRuum
676 1280 811 1310 terrae,
854 1280 912 1306 aut

150 1316 321 1354 humanae
357 1319 562 1360 industriae,
599 1330 660 1356 aut
695 1321 768 1356 auri
808 1330 911 1368 atque

149 1369 308 1412 argenti.
347 1379 385 1405 ut
423 1370 592 1417 ejusmodi
632 1372 845 1407 commercio
874 1385 907 1407 u—

147 1417 358 1465 nusquisque
388 1434 570 1467 procurare
599 1422 703 1468 poffit
730 1422 822 1469 quod
849 1421 910 1458 fibi

149 1467 263 1505 deest,
292 1470 391 1503 alteri
421 1470 632 1505 refundendo
660 1472 753 1517 quod
776 1471 836 1506 fibi
858 1472 909 1508 su-

145 1515 311 1564 perfluit.
352 1520 483 1555 Nullus
527 1519 684 1567 profeSto
725 1521 910 1557 dubitandi

144 1568 244 1603 locus
271 1568 339 1608 est,
380 1570 467 1617 quin
510 1570 619 1605 ritum
649 1570 740 1605 hunc
769 1571 817 1606 rei
848 1584 907 1617 pu—

146 1618 259 1654 blicae
286 1620 434 1655 omnino
462 1621 684 1656 necessarium
710 1622 815 1656 Italia
834 1635 909 1669 per-

145 1679 252 1716 petuo
279 1670 487 1713 retinuerit,
517 1672 571 1706 vel
603 1671 672 1717 post
700 1673 906 1711 declinatio-

143 1732 224 1753 nem
265 1720 408 1760 Imperii
453 1720 629 1757 Romani.
671 1719 709 1756 &
748 1721 907 1757 inveE³mS
940 1726 972 1762 C

144 1767 184 1803 in
211 1781 286 1803 eam
318 1770 509 1806 Barbaros.
551 1770 647 1816 Quei
687 1774 767 1806 vero
812 1785 908 1819 pera-

144 1829 283 1867 geretur
309 1819 507 1867 hujusmodi
544 1820 751 1867 negotium,
791 1822 909 1858 brevi·-

146 1869 208 1904 bus
236 1883 328 1905 nunc
356 1870 400 1905 est
428 1873 679 1907 enarrandum.
718 1874 764 1907 Et
792 1874 907 1920 primo

143 1932 215 1955 non
243 1920 335 1956 secus
363 1934 401 1956 ac
429 1921 550 1957 nostris
574 1923 812 1969 temporibus,
836 1924 906 1971 pri-

145 1980 265 2006 vatum
292 1972 457 2019 cujusque
471 1973 576 2008 Urbis
596 1986 634 2008 ac
655 1974 788 2017 Oopidi
810 1987 906 2009 com-

147 2021 316 2056 mercium
344 2021 414 2058 funt
451 2023 544 2058 inter
579 2023 689 2059 Cives
724 2023 762 2060 &
793 2024 902 2060 Rusti-

149 2082 228 2114 cus,
266 2071 485 2109 Mercatibus
522 2074 719 2111 constitutis
748 2076 904 2117 pluribus

145 2118 183 2156 in
213 2121 319 2158 locis.
362 2125 459 2158 Stata
485 2123 559 2160 dies
584 2134 657 2160 erat
694 2125 786 2161 hisee
815 2126 900 2161 zele*

148 2171 307 2207 branciis:
349 2183 452 2219 atque
479 2174 564 2210 haec.
590 2177 796 2224 plerumque
823 2178 904 2212 Sab-

148 2219 265 2256 barum
295 2221 366 2258 fuit
403 2222 542 2273 singulis
579 2226 828 2268 hebdomadis,
865 2236 904 2263 ut

95 2300 105 2309 χ
148 2269 208 2306 fibi
239 2272 384 2320 quisque
410 2285 604 2322 oppurtuna
625 2277 666 2312 ad
689 2277 823 2313 vifihun
845 2291 905 2324 pa-

148 2332 238 2357 raret
269 2336 330 2370 pro
360 2325 547 2361 Dominica
583 2327 661 2373 die,
697 2342 765 2375 qua
803 2328 907 2364 unice

147 2372 275 2416 pietati
306 2375 497 2411 vacandum
536 2387 634 2415 erat.
684 2380 826 2416 Plautus
865 2378 904 2416 in

148 2422 248 2460 Persa
275 2424 358 2462 Αὲἶ.
387 2438 420 2463 2.
446 2429 553 2481 scen..
571 2439 607 2478 3.

930 1795 933 1843 1

926 2224 938 2578 ι

940 2181 974 2214 D

1073 813 1160 847 Nam
1186 811 1277 846 herus
1303 826 1388 848 meus
1414 828 1461 848 me
1488 814 1648 850 Eretriam
1675 815 1780 857 mr'st't,

1175 864 1305 897 domitos
1317 866 1408 898 boves
1427 865 1476 898 uti
1488 864 1554 905 fibi
1564 879 1732 900 mercarer:

1075 913 1176 948 Dedit
1201 925 1364 959 argentum
1382 928 1400 956 ‚·
1427 928 1500 948 nam
1527 914 1575 948 iln‘
1602 918 1781 951 Manatum

1173 963 1258 997 dixit
1284 962 1339 1010 effe
1366 965 1579 1011 Dieseptimt'.

1021 1062 1208 1109 Dieseptimi
1235 1077 1296 1112 pro
1322 1065 1375 1099 die
1408 1065 1542 1112 septimo
1569 1067 1692 1102 Latini
1721 1081 1782 1103 an-

1021 1113 1114 1161 tiqui
1142 1114 1282 1158 dixere,
1320 1114 1388 1151 hoc
1423 1115 1467 1151 est
1503 1116 1540 1150 in
1575 1118 1658 1151 diem
1680 1117 1781 1164 septi-

1020 1177 1124 1199 mam.
1166 1165 1313 1201 Constat
1347 1175 1464 1202 autem
1509 1180 1553 1203 ex
1595 1169 1780 1214 Varrone,

1022 1215 1191 1261 Dionysio
1228 1217 1522 1261 Halicarnasseo,
1569 1219 1778 1259 Macrobi0‚

992 1263 995 1312 f
1019 1264 1057 1301 ἃ
1086 1267 1187 1310 aliis,
1217 1267 1305 1315 apud
1335 1270 1512 1304 Romanos
1539 1268 1576 1304 in
1598 1269 1658 1304 usu
1680 1269 1779 1305 fuisse

1020 1329 1090 1351 non
1118 1317 1234 1352 minus
1262 1320 1445 1363 Μενεαεω,
1483 1318 1549 1354 hoc
1576 1319 1622 1355 est
1649 1320 1780 1356 hebdo-

1020 1367 1192 1402 madarios
1229 1379 1422 1405 conventus
1464 1380 1696 1405 mercatorum
1738 1369 1777 1406 δι’.

1019 1415 1244 1457 rusticorum,
1290 1420 1399 1465 quam
1442 1421 1644 1464 Nundinas,
1689 1433 1780 1467 quae

1017 1466 1102 1502 stato
1123 1468 1244 1515 aliquo
1264 1469 1346 1504 anni
1369 1479 1526 1519 ternpore
1549 1471 1667 1506 haberi
1692 1484 1779 1506 con-

1017 1516 1224 1554 sueverunt.
1267 1519 1452 1555 Nundinas
1490 1534 1552 1556 nos
1595 1523 1688 1556 Fiere
1715 1535 1779 1569 ap·-

1017 1568 1186 1614 pellamus
1214 1568 1263 1615 (a
1291 1582 1376 1604 voce
1404 1571 1522 1611 Feria‚
1549 1585 1655 1618 quam
1680 1582 1779 1607 vete-

1015 1629 1067 1651 res
1095 1630 1235 1665 quoque
1262 1618 1474 1667 adhibuere)
1502 1621 1568 1655 hoc
1596 1621 1641 1655 est
1662 1620 1779 1656 solen-

1014 1680 1073 1702 nes
1100 1669 1278 1704 Mercarus
1304 1670 1362 1704 -die
1389 1669 1474 1705 stato
1502 1671 1691 1718 quotannis
1719 1671 1777 1707 in-

1013 1716 1172 1754 stitutos.
1212 1718 1320 1754 Hisce
1358 1723 1441 1755 vero
1469 1720 1535 1755 hoc
1562 1733 1691 1756 nomen
1720 1721 1776 1756 in-

1013 1768 1125 1803 ditum
1140 1796 1153 1810 ,,
1187 1770 1279 1815 quod
1317 1771 1520 1817 plerumque
1563 1770 1684 1806 diebus
1726 1771 1779 1807 fe-

1012 1818 1111 1853 riatis
1141 1818 1370 1862 haberentur,
1399 1819 1465 1855 hoc
1493 1820 1538 1861 est
1565 1821 1602 1856 in
1634 1822 1777 1857 Natali-

1013 1868 1074 1903 bus
1102 1869 1250 1917 alicujus
1279 1869 1421 1915 SanEii,
1463 1879 1522 1906 aut
1571 1871 1780 1908 Dominicis

1012 1917 1282 1955 festivitatibus:
1322 1932 1427 1968 quem
1475 1934 1607 1958 morem
1651 1924 1778 1970 parunt

1013 1969 1146 2017 alioqui
1176 1970 1387 2007 laudabilem
1419 1971 1529 2007 adhuc
1574 1972 1677 2009 Italia
1705 1973 1774 2009 ser-

1013 2029 1093 2055 vat.
1132 2022 1178 2055 Et
1206 2020 1283 2056 sane
1312 2032 1445 2069 praeter
1473 2023 1639 2058 concilia
1666 2035 1775 2070 quae-

1013 2070 1113 2110 dam,
1143 2073 1290 2107 Carolus
1319 2074 1470 2121 Magnus
1498 2073 1539 2108 in-
1563 2075 1659 2122 Lege
1691 2086 1774 2119 140.

1014 2120 1105 2156 inter
1132 2123 1438 2170 Langobardicas‚
1474 2136 1517 2160 ne
1544 2124 1669 2162 honori
1699 2127 1779 2161 Do-

1014 2171 1166 2207 minicae
1193 2173 1264 2208 diei
1292 2173 1513 2216 officeretur,
1554 2174 1695 2221 statuit,
1733 2184 1777 2212 ut

1014 2225 1159 2258 Mercata
1186 2224 1229 2258 (9'
1255 2225 1381 2260 Placita
1407 2240 1427 2259 a
1450 2226 1626 2260 Comitibus
1647 2227 1702 2261 illo
1723 2227 1776 2261 die

1010 2274 1265 2318 prohiberentur.
1307 2277 1361 2311 Ita
1387 2274 1425 2311 ὅ(
1463 2276 1667 2313 Ludovicus
1695 2279 1774 2313 Au-

1013 2324 1125 2372 gustus
1177 2327 1225 2361 11.
1261 2325 1299 2361 in
1343 2325 1601 2362 Additamento
1647 2328 1698 2364 ΙΙ.
1730 2327 1777 2364 ad

1013 2377 1123 2423 Leges
1152 2376 1456 2425 Langobardicas‚
1490 2379 1582 2413 Part.
1614 2379 1661 2413 11.
1695 2380 1772 2414 To-

1013 2425 1063 2461 mi
1095 2428 1124 2461 1..
1154 2428 1233 2461 Rer.
1271 2427 1434 2463 Italicar..
1455 2427 1593 2471 edixit,
1629 2438 1666 2462 ue
1705 2441 1774 2462 ont-

1013 2477 1062 2510 m's
1101 2477 1188 2510 homo
1225 2477 1278 2512 die
1307 2478 1468 2511 Dominico
1508 2479 1616 2514 nullas
1655 2479 1774 2512 audeat

1012 2527 1200 2575 operationes
1221 2554 1234 2574 ‚
1282 2528 1547 2576 Adercationesque
1583 2540 1731 2575 peragere
1756 2551 1768 2569 ‚

1622 2588 1720 2628 prae·
