2169 3047
367 233 444 263 ω
639 217 1075 277 ANTJQMT.

300 291 404 326 paeae
429 277 527 326 genti
556 277 785 314 ulterioribus
812 280 922 314 Indiis
951 278 991 314 ad
1017 280 1065 313 O·

300 329 452 364 rientem
483 330 516 363 &
545 329 776 364 Occidentem
818 329 956 377 politis.
996 330 1056 365 Im·

300 392 361 415 mo
387 379 452 415 hoc
477 379 588 421 ipsum
615 382 869 428 qualecumque
894 393 1066 416 commer-

300 430 394 465 cium
425 430 461 465 in
491 432 685 466 utilitatem
725 444 794 466 non
827 431 1001 467 modicam
1031 431 1064 466 I-

299 481 488 517 talicorum
521 483 684 518 cedebat.
713 483 845 518 Verum
874 482 933 518 ubi
961 484 1063 517 luxus

300 532 508 568 Italicorum
549 544 681 568 mentes
717 532 883 569 fascinare
917 533 1062 580 coepit,

299 591 384 618 tunc
405 584 643 620 Orientalium
670 596 800 618 merces
828 583 996 631 majorem
1025 582 1061 618 in

299 635 444 669 modum
470 635 654 670 exhaurire
678 633 784 670 etiam
813 643 1002 682 coeperunt
1029 636 1059 669 1-

300 685 427 719 talicae
447 687 560 734 gentis
589 684 784 721 thesauros.
813 686 905 720 Vide
925 685 961 719 in
986 687 1061 719 No—

300 734 347 770 tis
374 734 518 772 Clariss.
550 736 798 784 Benvoglienti
835 735 876 770 ad
906 734 1061 770 Chroni—

302 797 365 820 con
396 787 541 822 Senense
565 789 672 822 Tom.
700 789 777 821 XV.
805 788 882 822 Rer.
913 787 990 821 ltal.
1020 786 1061 821 ad

301 837 446 872 Annum
476 838 809 873 MCCCxxxvu.
845 846 933 882 quot
971 849 1060 872 mer-

301 900 355 922 ces
381 888 535 932 Syriacas
562 901 627 923 una
653 887 931 923 Salimbenorum
958 886 1058 922 fami-

300 938 349 972 lia
378 938 552 982 Senensis,
581 938 686 973 effusa
720 937 858 983 ingenti
890 939 1059 985 pecunia,

299 992 532 1038 compararit.
569 991 621 1024 At
648 989 689 1024 de
716 988 770 1024 his
801 988 864 1024 alii
891 999 1057 1037 opportu-

299 1041 378 1075 nius
406 1041 591 1076 differant.

366 1093 530 1126 Ceterum
573 1091 672 1125 nullo
709 1103 860 1137 unquam
902 1098 1061 1138 tempore

298 1141 477 1177 defiderati
508 1141 604 1183 sunt,
633 1141 694 1188 qui
722 1140 954 1176 adulterinam
984 1154 1061 1176 mo-

299 1202 415 1227 netam
439 1192 666 1235 fabricarint,
691 1201 752 1227 aut
773 1191 970 1239 legitimam
992 1192 1060 1227 cir-

299 1244 555 1287 cumciderint,
584 1252 643 1278 aut
671 1242 905 1284 collegerint,
938 1251 976 1277 ut
1004 1255 1058 1277 ca—

299 1295 370 1329 rius
392 1294 637 1329 divenderent.
656 1294 832 1328 Adversus
854 1292 1059 1328 abominan-

299 1346 381 1380 dum
401 1347 465 1379 hoc
488 1344 706 1391 publicorum
724 1343 837 1379 furum
855 1357 961 1392 genus
982 1343 1060 1379 sunt

298 1396 335 1430 in
374 1395 507 1430 Codice
541 1393 785 1430 Theodosiano
823 1396 953 1429 multae
992 1396 1058 1429 Le-

299 1459 356 1494 ges
381 1446 459 1482 Lib.
488 1460 522 1493 9.
550 1447 627 1481 Tit.
654 1457 712 1480 21.
738 1443 776 1480 ὅ(
806 1444 958 1491 sequent.
987 1446 1059 1479 Ta-

266 1538 270 1541 *
299 1498 390 1532 citus
418 1509 556 1545 quoque
585 1495 783 1544 Augustus,
822 1505 858 1530 ut
895 1494 940 1529 est
969 1494 1066 1542 apud·

298 1547 516 1592 Vopiscum,
553 1548 665 1585 cavit,
696 1557 730 1579 ut
758 1545 791 1587 fi
826 1546 896 1591 quis
932 1556 1059 1592 argento

293 1599 441 1642 publice,
477 1598 690 1643 privatimque
718 1610 770 1630 aes
806 1594 998 1641 miscuiffet;
1027 1595 1059 1636 fi

295 1650 365 1696 quis
392 1661 467 1683 auro
492 1659 656 1694 argentum
667 1660 687 1689 ‚·
710 1646 741 1688 fi
767 1648 836 1693 quis
862 1647 928 1680 aeri
951 1648 1056 1693 plum-

295 1705 390 1738 bum,
417 1700 537 1741 capita!
564 1698 632 1742 efflet
660 1711 726 1732 cum
754 1697 899 1731 honorum
925 1697 1054 1743 proftri-

292 1751 420 1794 ptione.
460 1751 583 1795 Neque
611 1748 852 1795 Langobardis
881 1745 916 1781 ἃ
948 1750 1054 1782 Fran-

295 1800 344 1834 cis
365 1799 402 1834 in
424 1799 526 1834 Italia
553 1799 777 1845 regnantibus
798 1796 965 1844 ejusmodi
987 1796 1052 1832 cri-

296 1863 374 1885 men
403 1848 575 1884 insuetum
607 1847 694 1883 fuit.
723 1848 858 1883 Idcirco
889 1847 1053 1882 Rotharis

295 1904 369 1936 Rex
409 1903 502 1948 Lege
533 1904 617 1946 246.
656 1899 829 1933 decretum
870 1897 934 1932 hoc
975 1911 1051 1940 pro-

294 1952 493 2000 mulgavit:
532 1953 569 1984 51·
596 1951 665 1996 quis
701 1949 770 1990 sine
797 1948 926 1994 juffione
954 1949 1053 1991 Regis

293 2016 403 2037 aurum
439 2001 616 2047 signaverit
633 2024 642 2038 ,
669 2010 724 2033 aut
755 2009 907 2032 monetam
934 1998 1049 2042 confin-

293 2055 393 2093 xerit,
414 2064 524 2086 manus
545 2051 613 2091 eius
639 2051 818 2084 incidatur.
849 2052 949 2095 Quae
975 2063 1051 2084 ver-

294 2103 334 2137 ba
365 2101 446 2136 satis
476 2102 631 2136 indicare
660 2101 844 2142 videntur,
874 2101 943 2148 jam
976 2110 1050 2134 tum
1077 2119 1080 2127 ·

294 2155 403 2200 Reges
441 2151 751 2199 Langobardorum
788 2153 962 2185 Nummos
992 2149 1050 2185 suo

293 2203 436 2239 nomine
457 2202 616 2250 sign-affe,
637 2214 847 2248 quamquam
871 2202 1049 2247 antiquio—

291 2267 342 2290 res
370 2267 434 2302 ego
460 2255 625 2288 exhibere
659 2252 900 2299 nequiverim.
938 2254 1047 2286 Caro-

291 2307 344 2341 las
375 2315 488 2339 autern
519 2303 671 2352 Magnus
699 2304 735 2337 in
761 2301 1048 2350 capitularibus,

289 2369 332 2391 ne
356 2355 442 2399 salla
470 2358 602 2388 Moneta
632 2353 833 2390 cuderetur,
870 2365 1047 2399 nunquam

291 2407 350 2441 nir
372 2410 404 2439 in
425 2406 553 2440 Palatio
572 2404 760 2440 cudendum
784 2402 898 2452 juffit.
927 2405 988 2438 Sed
1015 2404 1046 2438 8(

291 2456 495 2493 Ludovicus
524 2457 608 2495 Pius*
630 2457 724 2496 Lege
750 2466 807 2499 27.
836 2454 928 2489 inter
954 2456 1043 2489 Lan-

291 2507 492 2553 gobardicas
547 2506 714 2541 Rotharis
763 2504 1046 2540 constitutionem

291 2559 345 2594 his
373 2557 488 2595 verbis
514 2556 721 2593 renovavit.
749 2559 798 2591 De
819 2556 906 2601 falsa
933 2560 1047 2590 Mone-

1126 217 1384 260 MEDII
1426 218 1620 261 AEVI

1803 237 1879 265 112

1103 279 1133 314 A
1181 289 1216 311 ta
1237 277 1407 324 jubemus,
1435 288 1470 312 ut
1496 280 1552 325 qui
1577 292 1644 313 eam
1669 281 1837 325 percnffifie
1864 294 1942 315 com-

1090 2101 1118 2134 tri

1179 331 1325 374 probatus
1356 329 1477 373 suerit,
1510 343 1621 364 mamis
1647 331 1714 374 ejus
1745 342 1941 378 amputetur.

1183 383 1228 413 Et
1249 380 1303 424 qui
1322 380 1374 414 hoc
1400 380 1600 425 consenserit,
1622 381 1654 422 fi
1674 383 1768 416 Liber
1787 383 1848 425 eft,
1873 386 1943 417 LX.

1181 431 1304 464 ,solidos
1328 441 1516 478 componat;
1540 431 1568 471 fi
1593 435 1711 467 Servus
1737 433 1798 475 est,
1820 437 1892 468 LX.
1917 434 1947 467 ἰ-

1181 480 1248 515 c‘lus
1275 482 1427 527 accipiat.
1456 483 1519 517 Sed
1545 482 1578 517 &
1605 493 1739 531 praeter
1768 486 1942 520 Nummos

1181 545 1301 567 aureos
1326 533 1357 566 8(
1386 541 1589 580 argenteos,
1613 546 1760 580 quorum
1788 533 1944 570 familia-

1183 581 1228 617 ris
1257 582 1332 617 usus
1364 582 1433 617 fuit
1470 583 1686 630 temporibus
1726 585 1943 629 barbaricis,

1181 632 1413 668 inveniuntur
1436 633 1543 668 etiam
1572 634 1662 669 aerei
1690 635 1859 676 Nummi,
1886 635 1943 671 seu

1182 696 1223 718 ex
1252 697 1328 719 aere
1351 684 1382 718 δ(
1413 693 1558 731 argento
1584 683 1712 720 mixti.
1741 685 1804 721 Sed
1832 685 1944 720 rario-

1181 747 1254 778 res,
1283 735 1386 781 quam
1418 734 1506 781 apud
1536 736 1740 771 Romanos:
1780 736 1869 771 aerei
1907 749 1944 772 e-

1181 785 1254 819 nim
1287 787 1525 820 Romanorum
1554 798 1641 821 aevo
1670 786 1793 834 signati
1833 787 1945 833 pluri-

1181 834 1229 870 mi
1261 835 1432 882 prostant,
1468 833 1507 871 &
1537 836 1698 883 quotidie
1735 838 1860 873 tellure
1889 836 1941 873 ef-

1181 885 1267 920 fossi
1295 885 1330 921 in
1362 885 1463 921 Italia
1490 886 1744 936 inveniuntur3
1776 891 1852 923 raro
1880 902 1941 923 au-

1180 945 1249 972 tem
1286 937 1485 972 declinante
1525 938 1676 984 Imperio
1713 951 1809 974 aerea
1831 965 1842 982 ,
1880 947 1941 974 aut

1180 987 1286 1022 mixti
1324 987 1410 1023 aeris
1454 987 1677 1024 Numismata
1719 999 1939 1034 occurrunt,

1177 1051 1284 1084 eaque
1306 1037 1374 1073 fere
1394 1038 1514 1073 omnia
1536 1038 1595 1073 sub
1615 1039 1837 1075 Germanicis
1859 1042 1938 1076 Au-

1178 1088 1303 1136 gustis,
1331 1087 1367 1124 ἃ
1399 1088 1458 1124 sub
1479 1089 1701 1125 Civitatibus
1723 1091 1843 1126 liberis
1865 1104 1943 1137 per-

1180 1139 1294 1174 cuffa.
1331 1141 1384 1174 Px
1422 1139 1476 1174 his
1505 1139 1643 1183 aliquot
1676 1140 1778 1176 vidi.
1817 1143 1940 1188 Neque

1177 1188 1251 1224 fieri
1278 1189 1380 1225 aliter
1405 1189 1544 1238 potuit,
1574 1189 1734 1236 poscente
1759 1190 1794 1226 id
1821 1190 1937 1227 neces-

1177 1240 1273 1275 s1tate
1311 1241 1454 1276 humani
1493 1241 1726 1277 commercii.
1766 1244 1858 1277 Nam
1896 1250 1936 1277 ut

1179 1290 1309 1338 scripsit
1341 1292 1486 1327 Saeculo
1518 1293 1614 1326 XIV.
1653 1292 1823 1327 Nicolaus
1851 1294 1942 1327 Ore-

1178 1341 1284 1376 smius
1314 1341 1503 1390 Episcopus
1531 1342 1759 1378 Lexovienfis
1788 1342 1823 1378 in
1852 1343 1937 1379 Lib.

1178 1392 1219 1427 de
1252 1393 1385 1428 Mutat.
1424 1392 1562 1428 Monet.
1591 1394 1678 1441 Cap.
1707 1406 1740 1440 3.
1777 1396 1938 1440 ,Quoniam

1175 1443 1373 1489 portiuncula
1399 1444 1544 1490 argenti,
1571 1457 1650 1490 quae
1675 1444 1758 1489 juste
1786 1447 1859 1478 clari
1884 1445 1940 1478 de-

1177 1495 1260 1527 beret
1283 1504 1341 1540 pro
1367 1494 1450 1527 libra
1478 1493 1597 1539 panis,
1636 1495 1690 1527 vel
1716 1494 1824 1540 aliquo
1851 1494 1939 1538 tassi,

1176 1541 1245 1588 effet
1280 1544 1382 1576 minus
1418 1545 1492 1577 bene
1523 1544 1697 1590 palpabilis
1729 1555 1854 1591 propter
1886 1544 1939 1577 ηἰ-

1176 1594 1272 1627 miam
1294 1593 1511 1637 parvitatem,
1535 1595 1602 1628 ideo
1624 1593 1716 1638 suffla
1738 1595 1803 1637 furt
1828 1595 1937 1628 mixti·

1174 1647 1214 1678 de
1233 1646 1337 1678 minus
1363 1645 1443 1679 bona
1470 1646 1602 1679 materia
1628 1658 1694 1679 cum
1721 1657 1873 1691 argento:
1893 1645 1937 1679 Ο*

1176 1695 1250 1728 inde
1276 1694 1386 1729 babuit
1415 1704 1515 1728 ortum
1542 1697 1648 1741 Nigra
1675 1698 1833 1735 Moneta,
1860 1708 1942 1741 quae

1173 1744 1215 1784 est
1241 1757 1374 1790 congrua
1398 1755 1455 1790 pro
1482 1744 1614 1778 minutis
1641 1745 1840 1779 mercaturis.
1878 1745 1936 1781 U-

1174 1794 1272 1840 tique
1299 1806 1340 1828 ex
1371 1793 1432 1828 hac
1455 1794 1561 1839 Nigra
1587 1797 1722 1829 Moneta
1747 1794 1839 1831 nihil
1866 1795 1936 1830 mi-

1173 1843 1206 1878 hi
1235 1843 1266 1878 se
1291 1844 1425 1879 obtulit
1445 1843 1599 1891 spestans
1620 1845 1660 1880 ad
1683 1846 1934 1894 Langobardo-

1173 1907 1248 1930 rum
1277 1897 1558 1942 Francorumque
1589 1898 1721 1944 Regum
1749 1906 1931 1944 tempora.

1173 1946 1392 1981 Le—Blancus
1412 1945 1519 1980 etiam
1543 1945 1578 1980 in
1602 1946 1761 1982 Trsfiat.
1785 1947 1826 1982 de
1847 1946 1935 1982 Mo-

1172 2006 1241 2031 net.
1269 1998 1388 2030 Franc.
1409 1993 1499 2039 Cap.
1523 2007 1554 2042 3.
1579 1997 1749 2045 affirmare
1776 2010 1843 2032 non
1872 2011 1932 2033 au-

1171 2046 1250 2085 det,
1280 2059 1361 2081 num
1385 2046 1443 2081 sub
1469 2047 1578 2095 prima
1600 2049 1632 2083 8<
1661 2047 1802 2083 secunda
1828 2050 1935 2083 Fran-

1173 2110 1291 2132 corum
1324 2099 1455 2144 Regum
1494 2098 1577 2133 serie
1607 2098 1642 2133 in
1675 2098 1732 2133 usu
1760 2097 1866 2133 fuerit
1897 2111 1934 2133 a-

1173 2150 1239 2196 pud
1270 2150 1418 2182 Francos
1446 2149 1593 2183 Moneta
1622 2150 1820 2191 Billionum,
1847 2148 1931 2184 idest

1170 2212 1212 2234 ex
1235 2211 1320 2246 puro
1344 2211 1441 2240 aere,
1461 2208 1521 2234 aut
1542 2212 1617 2234 aere
1639 2200 1754 2234 mixto
1776 2212 1853 2234 cum
1876 2212 1930 2234 ar-

1171 2258 1296 2297 gento.
1323 2250 1493 2284 Attamen
1517 2263 1604 2297 quae
1625 2250 1734 2285 caussa
1760 2250 1930 2286 invehen-

1171 2300 1204 2334 di
1233 2301 1406 2335 Nummos
1432 2313 1547 2335 aereos
1572 2301 1614 2335 ab
1637 2300 1798 2335 Orefmio
1822 2301 1928 2334 allata

1170 2349 1235 2391 est,
1262 2348 1363 2384 nobis
1391 2360 1471 2385 ante
1495 2353 1617 2386 oculos
1646 2351 1776 2396 l'emper
1803 2350 1929 2384 obver-

1170 2400 1261 2436 setur
1286 2401 1414 2436 necesse
1438 2401 1502 2437 est.
1530 2402 1602 2436 Vix
1628 2402 1720 2436 enim
1747 2399 1929 2448 intellega-

1173 2464 1268 2491 nus,
1283 2451 1363 2498 quei
1388 2461 1469 2486 tunc
1488 2453 1643 2486 minutae
1665 2463 1815 2490 merces,
1837 2451 1930 2484 mul-

1171 2511 1274 2549 taque
1295 2501 1409 2537 vicini
1438 2501 1618 2536 necessaria
1639 2515 1656 2536 a
1680 2513 1826 2549 paupere
1850 2501 1931 2534 vul-

1168 2566 1213 2602 go
1244 2551 1438 2601 comparari
1468 2551 1629 2600 quotidie
1665 2549 1926 2636 P⁰ff⁶⁰taes¹¹ffi

1791 2614 1828 2637 Vi
1846 2613 1875 2637 is
