2169 3047
259 234 276 262 1
285 234 308 262 0
317 234 338 262 2
349 233 366 262 1
544 213 908 258 DISSERTATJO
939 213 1454 260 TRJGESJMATERYJA
1465 225 1476 256 .·
1659 230 1674 257 1
1685 231 1737 257 02
1747 232 1766 259 2

247 289 392 313 vocem.
429 272 614 321 Menagius
650 286 667 309 e
703 274 856 308 Titubare
891 273 948 309 de-
996 279 1027 312 A

247 328 352 364 duxit
396 330 555 359 Tomare.
602 324 790 360 Hickesms
839 328 952 368 vero,

248 373 584 425 Septentrionalium
633 375 849 422 Linguarum
895 388 952 423 pe-

247 424 453 467 ritiffimus‚
495 437 538 460 ex
574 424 620 460 iis
657 435 798 461 enatum
835 425 954 461 statuit

247 475 412 512 Italicum
443 478 596 510 Tomare.
632 475 689 510 Est
724 476 818 511 enirn
853 477 955 511 Cim-

249 526 385 562 bricum
413 525 561 569 umba,
588 525 783 575 significans
810 529 955 565 Cadere,

249 580 355 612 Ruere
377 603 388 619 ‚
433 576 645 623 Praecipitare
664 603 673 612 .
720 577 803 612 Inde
841 576 954 611 Galli-

251 639 332 662 cum
377 626 523 661 verbum
571 630 704 662 Tomber
729 653 738 662 .
786 629 957 662 Attamen

250 679 402 712 Graecae
431 676 549 724 potius
576 677 726 726 originis
760 668 958 713 hoc'voca-

251 728 372 763 bulum
386 727 471 766 effe,
487 729 695 763 contendere
715 736 810 775 potes
825 755 834 770 ‚
850 740 959 776 quum

252 785 396 822 Graecis
423 785 464 821 fit
492 783 668 834 Πτῶμοε,
695 800 766 835 quo
791 786 958 835 significa-

253 845 313 873 tur
351 837 451 881 Casus
495 837 551 872 seu
596 838 718 882 Lapsus
738 865 747 873 .
794 837 962 873 Detratsto

253 893 306 931 Π.
339 896 433 932 vides
463 895 624 943 superesse
644 891 769 946 Τωμοι
797 901 917 941 Tema,
945 910 963 931 e

252 959 323 994 quo
353 951 482 981 Tomare
512 946 676 981 emerfiffe
707 950 872 982 videtur.

202 997 339 1039 Tereia,
380 997 536 1031 Tor-shfb.
579 999 726 1033 Funale.
769 997 963 1032 Intortitt‘um

254 1047 551 1083 Barbare-Latini
580 1047 758 1095 postremis
787 1047 879 1082 hisce
905 1049 962 1081 Se-

257 1098 345 1132 culis
374 1098 595 1143 appellarunt
623 1108 775 1145 quatuor
802 1097 961 1132 candelas

254 1148 480 1195 conjunc'Ptas,
509 1161 597 1193 quae
624 1160 694 1182 uno
722 1157 880 1194 tempore
907 1159 959 1180 ac>

253 1198 353 1231 cendi
390 1197 521 1229 solent.
559 1199 719 1240 Torqueo,
756 1199 871 1229 Tortus
905 1195 961 1230 de-

255 1245 338 1280 disse
365 1244 540 1291 originem
578 1244 688 1287 voci,
725 1246 817 1291 quod
851 1248 963 1280 Funa-

255 1296 303 1327 It'a
337 1294 427 1335 funes
455 1294 589 1325 intortas
615 1293 788 1336 referrem,
825 1295 963 1327 censue—

254 1352 337 1379 runt
365 1341 550 1389 Menagius
578 1342 610 1375 8<
634 1341 830 1377 Ferrarius.
857 1344 962 1388 Quod

254 1395 412 1438 Etymon
441 1391 530 1427 mihi
554 1404 694 1439 quoque
715 1392 870 1428 creditur
891 1406 965 1428 am-

257 1443 506 1493 plef’tendum.
544 1444 590 1477 Et
627 1443 704 1477 lane
740 1455 828 1490 quae
864 1442 965 1478 nobis

259 1495 482 1543 appellantur
508 1493 616 1526 Torcie
641 1495 684 1527 da
710 1504 829 1534 vento,
868 1507 884 1529 e
913 1493 962 1528 fu—

260 1558 304 1580 ne
332 1553 495 1579 contorto
523 1542 561 1578 &
591 1542 667 1591 pice
704 1542 856 1579 saturato
883 1557 963 1579 con-

260 1594 449 1631 ficiuntur.
478 1596 649 1629 Attamen
671 1592 859 1642 (inquies)
880 1597 963 1629 Ger-

260 1646 418 1681 manicae
446 1643 607 1692 Linguae
635 1643 678 1678 est
706 1645 860 1688 Dorsche,
888 1649 961 1679 Tor-

253 1697 346 1741 Jcbe‚
374 1696 542 1739 Tor-tlcbe,
579 1694 671 1729 idem
707 1693 902 1742 significans
931 1708 967 1730 ac

259 1746 423 1781 Italicum
465 1745 597 1780 Torcia.
637 1747 718 1780 Non
755 1745 893 1780 abnuo.
933 1745 967 1780 Si

258 1809 380 1831 verum
410 1796 471 1835 fit,
498 1795 590 1843 quod
615 1797 800 1830 Cramerus
823 1804 966 1830 conten—

259 1846 313 1881 dit
339 1871 348 1885 ‚
389 1845 477 1881 hanc
520 1858 643 1880 vocem
684 1845 748 1880 effe
791 1846 965 1895 propriam

261 1896 422 1942 Linguae
464 1895 588 1938 illius,
629 1908 740 1942 neque
779 1898 821 1931 ab
863 1897 967 1932 Italia

259 1947 298 1982 in
339 1945 563 1980 Germaniam
603 1945 783 1993 migrasse,
826 1959 888 1982 nos
926 1948 967 1981 ab

260 1997 305 2032 iis
334 1996 519 2044 accepiffe,
549 1995 754 2031 credendum
784 1996 894 2032 foret.
925 1999 964 2031 ln

261 2046 384 2082 ceteris
423 2046 613 2081 funalibus
651 2045 756 2081 nostri
798 2047 967 2094 temporis

261 2097 421 2132 candelas
449 2104 626 2131 contortas
663 2096 811 2132 minime
849 2097 964 2132 intue—

262 2159 365 2182 mur:
410 2160 448 2182 ac
486 2146 631 2195 proinde
666 2159 736 2181 non
774 2160 792 2182 a
832 2151 968 2194 Torqueo

262 2197 461 2233 deducenda
504 2197 644 2232 videtur
684 2209 801 2233 eorum
840 2199 968 2246 origo,

261 2247 326 2283 nifi
355 2247 531 2286 velimus,
567 2248 742 2294 piceorum
781 2250 967 2284 Funalium

264 2310 392 2333 nomen
413 2297 454 2332 ad
476 2299 585 2333 Cerea
613 2299 822 2333 translatum
850 2298 969 2336 fuisse.

211 2349 373 2391 Torsello.
418 2348 565 2381 Volumen
606 2348 709 2386 telae,
747 2358 807 2384 aut
845 2351 971 2396 panni.

267 2398 359 2434 Vide
384 2397 669 2434 Differtationem
692 2400 802 2434 XXX.
822 2403 861 2435 de
880 2403 971 2435 Mer-

267 2449 404 2484 caribus.

218 2498 329 2539 Toflo.
356 2500 447 2534 Cito.
473 2499 609 2545 Subito,
637 2499 859 2541 Festinantem
896 2501 974 2538 Mi-

270 2559 348 2583 rum
374 2548 439 2598 est,
476 2551 581 2598 quam
615 2550 762 2588 abstrusa
795 2550 837 2588 fit
871 2551 973 2603 hujus

1120 271 1277 308 adverbii
1315 273 1509 308 nativitas.
1547 274 1733 322 Propterea
1768 276 1826 311 in-

1121 337 1203 372 gens
1232 322 1309 358 heic
1341 323 1471 357 bellum
1509 324 1601 359 inter
1637 327 1827 370 Etymolo-

1122 373 1245 423 gistas,
1283 373 1324 409 ad
1361 372 1454 420 quod
1492 372 1673 411 sedandum
1711 378 1827 424 impa-

1123 438 1195 461 rem
1223 437 1279 459 me
1307 436 1445 471 quoque
1473 421 1608 459 sentio.
1635 427 1828 474 Antiquis-

1123 475 1205 511 fima
1247 488 1317 510 vox
1360 474 1405 510 est
1453 473 1599 509 Italicae
1639 478 1826 526 Linguae.

1124 528 1240 561 Immo
1261 525 1350 574 apud
1379 535 1512 560 veteres
1531 524 1639 560 etiam
1667 526 1828 564 invenias

1123 577 1339 619 Tostamente‚
1375 578 1553 618 Tostanzffi
1590 576 1722 618 Tostano
1758 579 1830 616 &a

1124 628 1231 676 Apud
1267 626 1485 662 Mutinenses
1523 625 1721 674 usurpatum
1758 641 1829 665 non

1125 678 1229 713 audio
1265 676 1332 712 hoc
1375 677 1469 712 sensu
1507 678 1621 721 Tosto,
1658 678 1713 713 sed
1751 688 1830 715 tan-

1125 728 1309 764 tummodo
1337 729 1402 761 Pia.
1428 728 1517 770 T⁰st⁰
1534 755 1544 771 ‚
1582 740 1768 764 commune
1796 732 1832 765 1-

1124 779 1206 814 talis
1234 778 1304 813 fere
1332 780 1521 813 omnibus:
1563 780 1655 813 Nam
1692 779 1745 814 uti
1774 780 1829 816 di-

1126 829 1263 865 cimus:
1289 830 1355 863 Pii.
1389 829 1486 872 presio
1513 829 1616 862 vorrei
1642 833 1831 865 andarmene

1125 893 1178 914 con
1204 883 1287 922 Dm,
1315 879 1366 913 che
1392 879 1511 924 [offirir
1537 879 1636 926 questo
1655 881 1829 927 oltraggio,

1126 929 1176 965 ita
1204 929 1240 964 in
1269 928 1328 964 usu
1356 929 1401 965 est
1427 932 1490 963 Ριὶε
1519 930 1633 970 Tollo,
1669 930 1760 966 idem
1790 931 1832 966 si-

1126 980 1322 1028 gnificans,
1358 988 1463 1027 atque
1499 981 1562 1014 Piu
1595 980 1712 1026 presto.
1750 983 1832 1017 Ma-

1126 1029 1227 1065 navit
1247 1039 1361 1065 autern
1383 1030 1487 1072 Presto
1508 1030 1671 1066 Italicum
1697 1044 1715 1066 e
1734 1036 1833 1067 Prae-

1119 1081 1167 1122 fia
1208 1081 1419 1116 Latinorum
1458 1080 1647 1116 adverbio.
1689 1082 1832 1117 Dicitur

1125 1130 1232 1165 etiam
1270 1143 1288 1165 a
1325 1130 1607 1174 Mutinensibus,
1648 1134 1741 1165 Stare
1778 1146 1831 1166 con

1124 1180 1211 1213 volto
1238 1180 1349 1220 Tosto,
1376 1184 1488 1213 Avere
1514 1194 1578 1213 una
1604 1181 1683 1214 ciera
1710 1183 1804 1222 Tasta
1820 1207 1832 1221 ,

1126 1227 1263 1263 scilicet
1290 1228 1332 1263 de
1359 1227 1426 1272 iis,
1465 1228 1526 1276 qui
1557 1242 1666 1275 neque
1693 1230 1738 1265 ob
1766 1233 1837 1266 mi-

1126 1290 1210 1318 nas,
1236 1291 1348 1323 neque
1375 1279 1420 1311 ob
1449 1278 1663 1324 improperia
1692 1282 1834 1316 vultum

1126 1334 1289 1360 mutant.
1319 1327 1352 1359 A
1381 1326 1516 1361 Latino
1552 1327 1661 1369 Tostus
1697 1329 1837 1366 descen-

1126 1375 1209 1410 disse
1249 1374 1422 1411 videtur.
1463 1378 1546 1422 Quo
1589 1377 1684 1414 sensu
1726 1381 1836 1417 etiam

1126 1425 1277 1461 dicimus
1303 1429 1416 1460 Avere
1442 1440 1505 1462 una
1532 1429 1616 1463 ciera
1641 1432 1834 1476 Bronzina.

1129 1477 1307 1511 Praeterea
1344 1478 1558 1524 appellamus
1595 1492 1638 1513 un
1676 1484 1761 1515 Uovo
1787 1494 1837 1517 to-

1118 1526 1194 1569 sto,
1232 1525 1325 1572 quod
1363 1539 1442 1562 cum
1478 1527 1539 1563 suo
1577 1531 1757 1572 putamine
1793 1533 1835 1568 ad

1126 1576 1243 1621 ignem
1267 1575 1404 1611 coffium
1420 1601 1430 1616 ,
1458 1590 1497 1612 ac
1517 1577 1720 1615 induratum
1742 1582 1832 1618 fuit.

1127 1626 1166 1661 Id
1196 1625 1273 1661 sane
1299 1639 1317 1661 e
1344 1629 1475 1666 Torreo,
1513 1629 1638 1670 Tostum
1674 1633 1835 1667 emersit.

1128 1675 1191 1711 Sed
1220 1675 1309 1711 unde
1337 1677 1451 1718 Tollo,
1489 1677 1695 1715 adverbium
1734 1683 1838 1718 Itali-

1128 1739 1235 1770 cum,
1272 1740 1334 1774 pro
1361 1727 1560 1774 Confestim?
1596 1728 1834 1769 Castelvetrus

1128 1776 1238 1812 noster
1273 1791 1292 1812 a
1329 1781 1462 1821 Tem-eo,
1499 1779 1631 1823 Tostus,
1674 1782 1836 1827 Infocato,

1128 1827 1218 1862 illud
1262 1827 1464 1863 derivavit.
1503 1829 1674 1870 Guietus,
1716 1834 1838 1869 Ferra-

1112 1877 1223 1916 rius,
1250 1876 1288 1913 ἃ
1318 1878 1504 1926 Menagius
1541 1889 1601 1915 aut
1639 1882 1681 1917 ab
1708 1887 1835 1924 Gerus,

1129 1937 1190 1963 aut
1218 1941 1235 1963 a
1263 1932 1460 1974 Tantocyus.
1496 1930 1560 1965 Sed
1597 1944 1658 1967 cur
1693 1932 1731 1967 in
1768 1934 1838 1976 Osto

1129 1978 1278 2013 evaserit
1315 1983 1437 2023 Ocym,
1475 1993 1653 2029 nunquam
1692 1982 1761 2018 rite
1797 1998 1838 2019 o·-

1129 2028 1259 2064 stendas
1280 2055 1288 2064 .
1334 2029 1501 2065 Nicotius
1537 2045 1556 2066 a
1591 2032 1737 2072 Statim,
1779 2035 1836 2069 vel

1129 2081 1228 2122 Cito,
1266 2079 1392 2115 invitis
1419 2082 1670 2129 Etymologiae
1697 2083 1835 2131 legibus

1129 2129 1264 2165 traxit.
1302 2129 1463 2175 Denique
1498 2131 1686 2179 Menagius
1714 2133 1805 2168 idem
1825 2162 1837 2179 ‚

1129 2179 1191 2221 Isto
1232 2179 1288 2221 isto
1313 2206 1324 2222 ‚
1366 2179 1666 2229 subintelligendo
1707 2193 1838 2228 tempore

1129 2229 1187 2264 vel
1215 2240 1389 2273 momento,
1424 2229 1550 2265 dedisse
1577 2231 1750 2279 originem
1779 2234 1839 2269 ad-

1131 2279 1253 2314 verbio
1293 2279 1382 2321 Tollo
1419 2279 1571 2315 censuit.
1611 2283 1734 2329 Neque
1770 2283 1836 2320 hoc

1131 2329 1272 2376 quidem
1306 2331 1462 2375 Etymon
1492 2331 1675 2378 quisquam
1705 2335 1838 2381 ample-

1131 2379 1263 2416 θεων.
1293 2380 1412 2415 Miror
1438 2379 1570 2424 etiam,
1607 2395 1668 2417 cur
1694 2396 1765 2418 non
1794 2386 1835 2420 ab

1131 2430 1292 2466 Afflutum
1332 2429 1360 2465 ii
1401 2430 1665 2468 efformaverint
1714 2434 1802 2476 Tosto
1826 2460 1836 2474 ,

1133 2480 1226 2528 quod
1255 2480 1396 2529 propius
1427 2482 1530 2528 quam
1569 2487 1668 2530 Ocyus
1703 2484 1838 2520 accedit

1134 2531 1175 2567 ad
1203 2531 1314 2574 Tosto.
1341 2530 1404 2567 Sed
1430 2544 1474 2568 ne
1509 2531 1592 2569 huic
1628 2532 1771 2582 quidem
1798 2549 1837 2571 o-

1677 2608 1787 2657 rigini
