2169 3047
407 212 493 272 ²²⁵3.
750 197 1381 260 ANTJOUJT.MED11
1416 198 1580 242 AEVJ
1840 208 1928 256 4⁶4

346 265 517 303 memini,
545 276 600 299 me
632 262 672 299 ad
700 276 778 298 eum
808 264 925 298 locum
937 243 1106 304 censere,
1145 261 1174 295 A
1221 259 1376 294 Galliam
1418 258 1587 307 designari
1634 257 1737 294 facile
1778 257 1986 308 intelligas.

346 316 426 352 illic
455 314 623 363 designari
660 315 751 349 viam
778 314 978 356 Aemiliam,
1015 326 1107 360 quam

349 380 404 402 nos
445 368 618 401 Claudiam
668 366 884 412 appellamus.
936 363 1109 400 Dubitare

347 430 440 453 nunc
469 416 583 459 subit
612 429 655 451 an
683 429 724 452 eo
752 415 896 451 nomine
924 415 1041 465 potius
1069 414 1108 449 fi-

346 468 535 516 gnificetur
571 467 662 512 Via,
705 480 763 514 per
808 480 912 514 quam
954 481 972 502 e
1000 468 1110 502 Lom—

347 519 467 554 bardia
498 518 763 553 Pontremulum
793 517 887 561 itur,
925 526 1028 565 atque
1055 517 1109 552 in-

347 569 390 604 de
419 569 663 611 Florentiam,
701 570 852 607 Senam,
894 566 931 604 ὅ(
960 567 1110 614 denique

348 621 520 655 Romam.
551 621 752 664 Utcumque
788 617 850 660 fit,
894 617 986 653 nihil
1014 617 1109 653 aliud

346 670 550 715 francigena
579 671 640 703 Via
664 668 732 704 fuit
750 696 760 712 ,
799 667 861 703 nisi
889 681 977 716 quae
1005 681 1047 704 ex
1077 670 1109 703 I-

347 719 435 755 ·talia
463 719 501 755 in
547 719 683 755 Gallias
721 718 843 754 ducit.
885 721 924 754 ln
966 718 1109 755 Chattis

347 770 456 806 etiam
486 770 687 805 Senenfibus
715 769 830 805 Seculi
862 772 960 805 xm.
989 783 1109 805 occur-

347 820 397 856 rit
425 824 537 856 Strata
564 821 786 867 francigena,
815 834 903 868 quae
932 820 1111 856 Florentia

347 873 472 907 Senam
511 871 645 908 tendit.
682 871 741 906 Ad
787 871 870 907 haec
908 872 1111 907 VVillelmus

347 922 452 958 Brito
479 922 517 957 in
554 922 674 959 Libris
714 922 868 971 Philipp.
896 923 1112 969 Francigenas

348 972 464 1015 nostros
491 974 665 1020 appellat,
694 973 755 1021 qui
785 986 876 1008 nunc
903 973 1005 1008 nobis
1034 972 1112 1008 sunt

349 1024 364 1057 i
409 1024 591 1069 Franzest'.
628 1024 668 1059 In
716 1023 897 1059 Chronico
940 1022 1112 1059 Parmensi

349 1075 458 1109 Tom.
483 1076 545 1109 IX.
570 1077 648 1110 Rer.
674 1074 828 1111 Italicar.
857 1075 956 1110 Galli
993 1075 1109 1122 appel·

347 1124 470 1159 lantur
497 1126 734 1172 Francigenae,
771 1126 804 1160 &
847 1125 1033 1167 Francilci.
1071 1123 1111 1159 In

347 1184 447 1223 parte
474 1174 608 1210 inedita
649 1174 821 1211 Chronici
862 1173 1112 1210 Mediolanen-

347 1224 414 1268 fis,
466 1225 562 1273 cujus
609 1226 754 1261 alteram
792 1234 924 1274 partem
967 1225 1044 1260 dedi
1074 1225 1110 1260 in

350 1278 458 1312 Tom.
487 1278 583 1311 XVI.
613 1279 692 1312 Rer.
714 1276 827 1312 Italic.
856 1278 943 1321 Cap.
965 1278 1111 1311 CXXX.

348 1326 434 1362 haec
462 1327 646 1376 leguntur:
686 1328 853 1361 Sciendum
883 1326 923 1367 est
952 1330 1031 1372 quod
1059 1327 1111 1359 ul-

348 1388 402 1412 tra
428 1385 553 1412 'montes
584 1378 654 1421 fuit
687 1378 804 1421 duplex
839 1377 997 1410 Francia.
1043 1379 1113 1410 Una

348 1427 464 1462 dicitur
490 1429 630 1463 Francia
656 1427 828 1461 Orientalis
845 1453 853 1469 ,
883 1427 937 1460 ubi
963 1425 1005 1468 est
1032 1429 1111 1459 Ma-

344 1479 464 1525 ganct'a
502 1488 593 1524 caput
622 1477 750 1523 Regni,
791 1479 873 1510 unde
912 1475 959 1514 ὠ
994 1476 1113 1510 dicitur

348 1529 490 1564 Francia
516 1528 724 1573 Meganciae.
763 1529 809 1562 Et
844 1527 916 1561 binc
951 1537 1045 1561 natus
1071 1527 1113 1569 est

347 1580 481 1613 Carolus
508 1581 653 1624 Magnus
689 1591 755 1612 cum
792 1588 858 1612 tota
888 1578 948 1621 sua
982 1578 1110 1624 posteri-

345 1639 430 1664 tate.
459 1629 545 1663 Alia
571 1629 689 1663 (licitur
716 1628 856 1663 Francia
882 1629 1110 1668 Occidentalis,

346 1680 402 1714 ubi
437 1679 479 1721 est
510 1679 677 1723 Part'fius,
719 1693 796 1726 quae
832 1680 987 1726 quondam
1022 1679 1111 1714 difl'a

341 1731 408 1774 fuit
435 1730 606 1764 Provincia
633 1731 827 1772 Gaudiana,
855 1728 900 1767 ὅ]
930 1730 1032 1776 postea
1058 1730 1109 1763 di-

346 1780 400 1815 (t'a
426 1780 467 1823 est
495 1781 718 1826 Francigena,
754 1796 774 1815 a
801 1781 957 1815 Franchis
981 1781 1110 1827 supera—

345 1839 399 1865 ta.
429 1831 492 1865 Sed
520 1830 632 1865 rursus
662 1830 884 1866 Donizonem
913 1830 1016 1874 audi,
1059 1831 1109 1866 ita

345 1880 387 1915 de
415 1880 593 1916 Mathilde
620 1880 808 1915 comitissa
837 1881 1044 1916 scribentem
1071 1881 1109 1917 in

345 1930 456 1967 Praef.
485 1931 526 1966 ad
553 1931 635 1967 Lib.
657 1932 703 1965 11.
731 1930 772 1966 de
799 1931 872 1980 ejus
900 1930 1007 1966 Vita.

393 2036 483 2068 Haec
511 2033 613 2077 apices
648 2032 772 2077 defiat,
808 2032 870 2078 scit
907 2032 1107 2068 Teutonicam

497 2083 570 2119 bene
598 2083 782 2130 Linguam.

393 2137 480 2169 Haec
514 2135 653 2180 loquitur
686 2135 802 2168 laetam
829 2134 905 2180 quin
932 2134 1104 2181 Franct'ge-

497 2197 628 2230 namque
647 2185 799 2230 loquelam
815 2210 824 2219 .

344 2284 466 2329 Vide,
509 2298 578 2332 quo
625 2283 719 2319 sensu
760 2284 847 2319 olim
891 2285 1106 2334 acciperetur

342 2349 414 2371 vox
462 2338 680 2381 francigena.
733 2335 910 2370 Bobienl‘is
966 2350 1104 2384 quoque

342 2386 542 2423 Monachus
598 2385 694 2434 supra
753 2386 841 2420 milti
893 2397 1104 2422 memoratus

343 2439 430 2485 Cap.
458 2439 520 2471 IV.
549 2446 685 2479 narrat,
715 2437 945 2482 Francigenam
971 2437 1102 2473 oratio-

342 2488 398 2524 nis
427 2488 535 2523 caussa
565 2487 692 2522 venisse
722 2486 894 2530 Bobium,
923 2486 960 2523 ὅ(
990 2502 1101 2523 rever-

342 2537 415 2576 sum
443 2538 555 2588 postea
585 2539 616 2573 in
646 2541 816 2575 Franct'am
835 2565 843 2574 .
876 2538 968 2575 Heic
996 2540 1103 2575 etiam

1221 310 1284 345 Sed
1312 308 1404 358 quod
1433 310 1534 345 litem
1555 309 1719 346 dirimere
1742 311 1871 358 potest,
1901 311 1986 359 Epi-

1221 323 1379 409 taphiiim
1409 360 1526 396 adfero
1555 360 1703 405 positum
1745 361 1908 397 Silvestro
1937 363 1982 396 11.

1222 410 1287 446 hoc
1315 411 1360 447 est
1387 411 1489 459 ipsius
1531 412 1697 460 Gregorii
1735 415 1781 448 V.
1810 412 1986 448 Successo-

1222 461 1273 506 ri,
1299 462 1392 510 quod
1420 462 1620 498 Cardinalis
1643 464 1813 499 Baronius
1842 464 1883 499 ad
1904 466 1983 499 An-

1222 525 1306 549 num
1337 524 1444 559 1003.
1472 513 1674 562 evulgavit.
1703 514 1759 550 Ibi
1786 514 1938 563 legitur:

1272 614 1415 651 Primum
1450 614 1617 648 Gerbertus
1652 614 1764 648 meruit
1788 615 1987 662 Francigena

1375 665 1454 698 Sede

1322 714 1507 773 Rheraenfis
1539 715 1653 762 populi
1687 717 1892 763 Metropolim
1924 727 1988 765 pa-

1373 775 1454 801 mae
1468 791 1478 800 .

1224 867 1399 903 Remensis
1426 867 1568 904 Civitas
1596 868 1753 915 profeRo
1788 869 1848 905 fita
1876 870 1921 905 est
1949 870 1988 907 in

1223 918 1365 966 Gallia3
1395 919 1458 953 illa
1480 921 1563 953 vero
1584 918 1720 954 disertis
1743 920 1858 954 verbis
1880 924 1988 956 Fran-

1222 969 1331 1015 cigena
1358 970 1454 1003 Sedes
1490 970 1704 1017 appellatur.
1740 968 1817 1018 Ipse
1848 983 1988 1020 quoque

1222 1021 1348 1054 Gallus
1377 1019 1521 1055 natione
1550 1019 1638 1055 fuit.

1276 1072 1380 1105 Nunc
1426 1070 1463 1105 in
1506 1069 1665 1105 semitam
1712 1071 1910 1118 regredior,
1948 1086 1987 1108 ac

1223 1129 1343 1166 repeto
1371 1133 1413 1154 ex
1442 1119 1641 1167 Epigraphe
1677 1120 1862 1168 sepulcrali
1900 1126 1989 1160 Gre-

1224 1169 1316 1219 gorii
1344 1171 1389 1204 V.
1419 1171 1530 1218 Papae
1559 1170 1673 1206 versus
1701 1171 1785 1207 illos

1277 1271 1356 1316 Usus
1401 1271 1590 1317 francisca,
1630 1273 1788 1320 Vulgari,
1835 1273 1881 1313 &⁵
1918 1289 1991 1311 voce

1378 1323 1521 1362 Latt'na,

1327 1371 1470 1414 Instituit
1493 1374 1623 1420 populos
1649 1375 1767 1421 eloquio
1793 1375 1936 1421 triplici.

1227 1474 1320 1520 Ergo
1349 1480 1417 1507 tres
1445 1472 1603 1520 Linguas
1639 1475 1830 1522 Gregorius
1857 1475 1990 1513 didice-

1227 1533 1302 1567 rat,
1340 1533 1445 1572 atque
1480 1524 1574 1559 inter
1610 1538 1663 1560 eas
1703 1527 1889 1573 Vulgarem,
1923 1528 1991 1565 hoc

1227 1574 1272 1609 est
1300 1575 1466 1614 Italicam,
1503 1588 1609 1622 quum
1641 1590 1765 1625 nempe
1793 1578 1865 1626 ejus
1894 1588 1992 1626 pater

1227 1627 1318 1660 Otto
1349 1627 1427 1660 Dux
1459 1626 1723 1669 Veronensem
1764 1627 1832 1664 sive
1860 1630 1992 1666 Tarvi-

1227 1675 1330 1710 sinam
1361 1676 1560 1712 Marchiam
1589 1688 1740 1725 regeret.
1782 1681 1835 1714 Ex
1864 1680 1991 1728 quibus

1227 1737 1343 1774 patet,
1382 1737 1468 1768 tem·
1466 1728 1598 1763 oribus
1640 1730 1805 1777 Gregorii
1847 1733 1889 1765 V.
1927 1731 1989 1777 qui

1227 1780 1335 1812 Anno
1361 1790 1444 1824 999
1477 1776 1579 1812 finem
1610 1778 1754 1813 vivendi
1783 1778 1888 1821 fecit,
1918 1780 1989 1827 jam

1226 1827 1277 1863 ira
1306 1827 1467 1862 recessisse
1496 1828 1701 1863 Italicorum
1747 1828 1940 1866 sermonem
1970 1845 1988 1868 a

1227 1878 1382 1919 Latino,
1420 1888 1458 1912 ut
1495 1879 1584 1914 alius
1621 1880 1663 1914 ab
1700 1893 1741 1915 eo
1777 1879 1988 1926 haberetur,

1227 1930 1259 1964 8<
1312 1929 1486 1975 Linguam
1541 1929 1712 1965 diversam
1766 1931 1989 1968 constitueret

1227 1979 1315 2028 apud
1364 1983 1505 2026 Vulgus,
1543 1980 1632 2015 unde
1673 1994 1802 2016 nornen
1845 1982 1989 2027 sumsit,

1227 2030 1329 2069 idest,
1375 2030 1463 2075 apud
1513 2032 1704 2077 populum,
1752 2031 1812 2080 qui
1854 2034 1987 2069 nullam

1226 2082 1330 2116 aliam
1361 2080 1422 2115 nifi
1453 2091 1642 2116 maternam
1686 2082 1863 2131 Linguam
1893 2084 1991 2120 addi-

1227 2132 1316 2167 scere
1344 2131 1549 2167 consuevit.
1589 2133 1803 2178 Nobilibus,
1847 2133 1885 2170 &
1923 2134 1990 2170 ali—

1226 2183 1293 2230 qua
1321 2183 1521 2218 Literni-um
1544 2183 1697 2219 tinfflurzi
1718 2184 1871 2232 resperfis
1891 2199 1988 2232 prae—

1227 2244 1278 2269 ter
1320 2235 1508 2282 Vulgarem
1556 2233 1654 2270 fuiffe
1702 2235 1841 2271 videtur
1879 2238 1986 2271 etiam

1228 2285 1355 2332 aliquis
1384 2285 1460 2320 usus
1489 2294 1593 2333 atque
1620 2286 1860 2334 intelligentia
1897 2284 1987 2320 Lin-

1227 2349 1312 2382 guae
1355 2335 1533 2379 Latinae,
1573 2349 1677 2383 quam
1720 2349 1797 2372 cum
1836 2334 1985 2382 Vulgari

1227 2386 1329 2421 facile
1375 2386 1655 2431 confundebant,
1701 2399 1806 2434 quum
1849 2384 1985 2432 aliquid

1227 2436 1496 2486 consignandum
1525 2446 1618 2473 erat:
1649 2437 1739 2483 quod
1763 2435 1943 2483 praecipue
1966 2450 1985 2472 a

1229 2489 1389 2524 Notariis
1417 2488 1567 2523 faffium.
1595 2486 1720 2530 Qualis
1751 2499 1831 2521 vero
1851 2500 1887 2522 ea
1911 2486 1985 2523 fue-

1227 2538 1275 2574 rit
1302 2541 1425 2575 Seculo
1455 2539 1553 2573 VIII.
1582 2539 1643 2572 lx.
1670 2537 1705 2572 ἃ
1734 2539 1776 2573 Χ.
1805 2537 1871 2573 hoc
1906 2537 1986 2585 qui-

1857 2587 1936 2624 dem
