2169 3047
279 220 360 271 305
558 206 925 253 DISSERTATJO
956 206 1399 256 TRJGESJMATERr
1406 208 1486 251 ἹΑ.
1709 217 1759 257 ὃς
1768 222 1795 258 5

230 294 232 296 v
270 288 351 310 more
385 271 506 307 Galliio
534 268 682 314 (sanc‘lum
710 267 812 310 finem
849 268 981 313 increpi-
1020 272 1054 306 A
1095 287 1102 290 „

270 336 343 360 tans
372 325 513 358 thlem.
539 322 580 354 ab
605 331 638 351 eo
664 318 789 363 quidem
814 318 911 363 virga
935 320 978 351 le-

270 376 352 410 niter
375 369 524 420 percuffiu
553 369 612 409 esi.
649 368 757 402 Vides
785 368 979 415 antiquita—

269 435 340 461 tem
381 423 498 465 vocis,
528 419 668 468 ejusque
705 417 879 467 originem
909 432 977 453 non

267 474 459 511 Latinam,
487 485 556 506 non
586 472 753 505 Graecam
771 496 781 512 ,
810 470 863 504 ted
893 471 977 504 Gal-

268 525 373 560 licam
388 551 395 559 .
420 522 596 563 Consule,
619 520 642 554 fi
663 521 783 563 lubet,
805 518 975 555 Du—Can-

268 576 366 623 gium
395 575 435 608 ad
466 585 587 607 vocem
616 572 739 605 Follis.

218 627 331 662 Foleo.
361 628 440 660 Hoc
468 624 617 658 dicimus
646 622 686 656 de
717 621 816 656 rebus
843 621 977 669 disjun—

269 676 358 718 ais,
390 675 441 710 l'ed
471 674 569 708 simul
598 672 763 707 confertis
794 686 832 707 ac
861 672 976 720 spiffa—

268 727 335 762 tis.
357 727 450 760 Falto
470 725 570 768 bosco,
595 727 659 757 hoc
687 723 751 761 est,
772 736 876 756 nemus
900 726 976 756 den-

259 778 333 823 sum
368 778 499 811 dumetis
537 785 631 818 atque
665 772 846 808 arboribus.
884 774 977 807 Folto

266 831 388 867 Crme,
430 827 525 861 Fvlta
562 825 691 861 Barba,
730 825 826 857 Folta
856 824 976 868 schiera

266 878 448 913 d‘uomini.
470 875 630 911 Dicimus
652 875 757 909 etiam
782 875 879 908 Folta
903 881 975 908 neb-

267 930 321 965 bta
352 928 423 967 &ca
452 927 638 974 Menagius
675 925 772 959 vocis
809 926 910 972 hujus
937 938 972 959 o-

265 979 418 1028 riginem
457 977 628 1025 attingere
659 975 796 1010 fortaffe
832 989 900 1010 non
933 975 977 1009 est

269 1031 386 1066 ausus.
425 1031 497 1064 Vix
535 1028 644 1063 audeo
680 1026 717 1061 ὅ(
755 1039 839 1074 ego.
877 1028 976 1060 Meas

265 1089 383 1117 tamen
422 1079 649 1126 conjffluras'
676 1076 867 1123 proferam.
907 1078 972 1109 Ita-

265 1143 333 1177 que
360 1128 660 1177 perpendendum,
680 1139 762 1160 num
790 1125 880 1159 forte
907 1138 975 1159 vox

264 1179 327 1215 ista
364 1178 534 1214 effluxisse
572 1176 728 1224 potuerit
756 1188 799 1210 ex
828 1176 975 1213 Follare,

264 1232 414 1268 Follato,
444 1229 556 1263 Foleo.
586 1227 677 1261 Vide
716 1225 814 1274 supra
852 1239 973 1261 vocem

264 1281 381 1314 Falla.
418 1278 543 1313 Tuscis
572 1287 664 1312 certe
702 1276 794 1311 idem
833 1276 877 1312 est
906 1277 969 1319 As-

260 1330 376 1374 fallare
403 1327 439 1363 &
468 1329 652 1373 Affoltare.
683 1328 860 1361 Praeterea
898 1327 970 1360 Ful—

263 1391 299 1414 ια
326 1379 352 1414 ii
381 1379 503 1413 dicunt
532 1388 593 1424 pro
622 1376 736 1410 Falla.
777 1377 896 1409 Primo
923 1376 972 1410 di>

263 1429 361 1464 &um
390 1428 496 1463 fuerit
531 1430 642 1460 Panno
669 1427 782 1464 Falto,
810 1425 893 1460 idest
919 1429 974 1460 ben

265 1482 425 1522 Fotlato‚·
451 1489 524 1513 turn
554 1477 594 1512 ad
623 1489 674 1511 res
711 1475 796 1510 alias
827 1478 971 1511 transla-

265 1539 301 1566 ta
329 1529 435 1565 fuerit
473 1541 541 1563 vox
571 1526 662 1572 ipsa.
705 1527 743 1560 In
773 1539 848 1561 eam
888 1540 973 1574 quo—

264 1594 331 1629 que
357 1579 560 1629 opinionem
591 1577 728 1612 fortasse
752 1590 822 1611 non
848 1576 970 1612 imme—

263 1633 335 1667 rito
381 1630 562 1678 quisquam
615 1627 791 1670 inclinet,
839 1626 973 1663 scilicet

264 1683 504 1718 Teutonicum
537 1681 615 1713 Fun
643 1677 712 1712 five
739 1678 801 1712 Fol
829 1676 867 1712 in
896 1678 972 1712 Bri-

264 1733 443 1768 tannicam
482 1742 621 1777 quoque
662 1728 838 1776 Linguam
879 1737 968 1762 tran-

261 1783 412 1821 slatum,
432 1783 465 1816 8<
488 1779 682 1828 fignificans
707 1782 860 1821 Plenum,
883 1780 967 1822 Spis-

256 1833 350 1879 sum,
379 1833 607 1868 immutatum
636 1842 654 1864 a
681 1828 880 1875 Maioribus
909 1842 970 1864 no-

261 1884 336 1919 stris
365 1883 463 1918 fuiffe
491 1882 527 1916 in
560 1882 669 1915 Folto.
696 1878 881 1922 Judicent‚
909 1880 968 1926 qui

263 1935 410 1969 meliora
439 1932 597 1977 sapiunt.
636 1932 760 1977 Neque
787 1930 882 1965 enim
911 1944 968 1965 au-

261 1985 328 2019 deo
360 1996 550 2030 proponere
588 1980 721 2016 fontem
761 1980 859 2015 vocis
888 1982 968 2014 Ful-

263 2035 343 2076 σίνε,
371 2034 458 2069 unde
484 2034 638 2073 fultum,
669 2043 867 2078 quanquam
898 2033 970 2066 La-

261 2086 341 2120 tino
361 2084 497 2119 barbari
527 2083 671 2118 verbum
709 2081 776 2116 hoc
803 2081 845 2116 ad
884 2082 969 2117 alias

263 2133 534 2183 significationes
564 2131 816 2168 contorserint.

211 2186 376 2220 fontiano.
405 2188 615 2219 Mercatorum
650 2181 794 2226 officina.
824 2185 967 2230 Nugan-

261 2246 340 2280 tur,
365 2249 471 2283 paene
498 2235 596 2271 dixi,
622 2233 797 2268 Ferrarius
822 2232 859 2269 &
888 2233 969 2267 Me-

261 2286 409 2334 nagius,
447 2286 509 2320 ille
548 2285 588 2319 ab
626 2284 817 2326 Apotheca,
854 2283 914 2318 iste
951 2296 969 2318 a

261 2339 414 2372 fundum
434 2336 645 2370 vocabulum
667 2334 731 2368 hoc
753 2333 969 2369 derivantes.

260 2386 437 2422 Caninius
457 2388 491 2421 ὃ(
511 2383 755 2421 Corbinellius
775 2397 794 2419 a
819 2384 970 2419 somnia-

263 2446 300 2471 ta
329 2450 414 2472 voce
450 2439 597 2483 quadam
636 2434 767 2470 Punica
799 2434 889 2469 illud
915 2447 969 2471 ar-

267 2487 417 2522 ceffunt.
442 2487 614 2521 Arabicae
639 2484 788 2532 originis
813 2484 880 2519 fine
906 2486 969 2524 du-

221 2560 223 2562 -
265 2537 439 2574 bitatione
463 2537 509 2575 est
518 2549 532 2586 ς
556 2537 690 2573 Arabes
713 2535 809 2572 enim
833 2535 970 2584 Giggeo

1148 266 1290 303 testante
1310 265 1477 312 Officinam
1497 270 1674 316 appellant
1695 276 1855 309 ..Al—Fon—

1145 322 1223 365 doqo
1249 317 1306 353 seu
1332 320 1498 354 Fonaaco.
1536 323 1657 366 Atque
1685 325 1736 358 uti
1765 327 1854 361 Gol-

1095 406 1098 407 7
1146 370 1217 404 lius
1259 368 1400 403 monuit
1446 369 1639 405 Arabicum
1686 376 1855 421 Fondoqon

1145 419 1191 454 est
1225 420 1392 454 Publicum
1419 421 1630 455 Mercatorum
1665 423 1855 469 hospitium,

1147 470 1202 504 ubi
1228 483 1294 504 cum
1315 470 1384 514 suis
1411 471 1561 505 mercibus
1587 472 1773 513 versantur.
1802 478 1856 511 A-

1147 521 1216 568 pud
1259 520 1422 568 antiquos
1459 522 1697 559 Orientalium
1740 538 1857 562 rerum
1903 567 1906 570 ,

1148 571 1370 614 Historicos‚
1406 571 1444 607 in
1481 573 1678 609 Siculorum
1716 588 1856 623 quoque

1148 621 1186 658 &
1216 621 1452 670 Hispanorum
1491 625 1729 660 monumentis
1764 630 1858 661 Fun-

1145 675 1210 712 Λα,
1239 674 1424 717 Eumaeus,
1454 675 1487 708 δε
1525 677 1696 710 fundatus
1732 690 1857 713 occur-

1146 733 1247 759 runt.
1286 725 1539 773 Du-Cangium
1578 726 1620 761 ad
1661 726 1749 762 hanc
1791 741 1856 764 vo-

1147 787 1221 809 cem
1250 774 1409 810 consule.

1096 827 1244 860 Forbire.
1271 826 1396 861 Polire.
1425 825 1461 862 Si
1498 826 1704 876 Menagium
1734 829 1855 870 audis,

1146 876 1329 910 efformata
1356 889 1428 912 vox
1456 877 1515 912 ista
1544 878 1612 913 fu1t
1640 881 1681 914 ab
1712 880 1856 916 inufita-

1147 935 1186 961 to
1213 926 1324 972 (idest
1351 925 1551 977 somniate)
1580 930 1686 965 verbo
1714 932 1857 965 Purimi-

1146 990 1195 1011 re.
1220 980 1346 1021 Purus,
1371 980 1541 1018 Purimus,
1566 982 1744 1020 Purimire,
1769 985 1856 1016 Pur-

1145 1027 1241 1066 mire,
1270 1027 1424 1072 Purln're,
1452 1031 1611 1072 Fumfiw,
1640 1033 1788 1067 Forbire.
1818 1032 1856 1068 Si.

1145 1077 1364 1118 Ferrarium,
1389 1092 1407 1113 a
1436 1081 1555 1120 Faria,
1581 1083 1713 1125 Forire,
1741 1083 1859 1117 forbi-

1144 1139 1195 1165 η,
1223 1126 1306 1160 idest
1342 1129 1454 1161 alvum
1488 1130 1580 1163 citam
1615 1143 1770 1177 purgare,
1797 1146 1856 1167 ea-

1143 1176 1222 1211 dem
1261 1189 1332 1212 vox
1369 1181 1573 1214 emanavit.
1618 1180 1779 1228 Uterque
1815 1182 1855 1217 iri

1143 1227 1294 1262 nubibus
1322 1228 1544 1264 aedificavit.
1571 1231 1686 1267 Gallis
1714 1245 1855 1280 quoque

1141 1278 1279 1312 Fourbir
1305 1277 1343 1312 in
1371 1278 1431 1313 usu
1460 1278 1526 1322 est,
1553 1281 1682 1328 Anglis
1711 1292 1742 1315 to
1769 1285 1857 1317 Fur-

1141 1328 1231 1361 bisb.
1266 1329 1344 1362 Aut
1380 1328 1425 1363 iis
1453 1342 1515 1364 nos
1553 1332 1763 1366 vocabulum
1795 1333 1856 1368 de-

1142 1376 1279 1419 dimus,
1308 1387 1367 1411 aut
1394 1377 1455 1425 ipfi
1484 1378 1607 1415 nobis.
1645 1382 1764 1416 Meam
1796 1396 1856 1418 ac-

1142 1425 1219 1474 cipe
1247 1427 1505 1474 conjeciuram.
1535 1432 1569 1465 A
1602 1431 1736 1467 Latino
1765 1435 1854 1467 Fur-

1139 1491 1201 1511 ·vus
1238 1479 1341 1524 Niger
1376 1488 1496 1514 natum
1539 1481 1667 1529 opinor
1703 1485 1854 1520 Forbire.

1141 1527 1284 1563 Scilicet
1312 1541 1330 1562 a
1358 1531 1488 1563 Fur-vus
1517 1531 1747 1577 composltum
1778 1534 1854 1570 fue-

1140 1578 1189 1613 rit
1226 1579 1394 1621 Furvire‚·
1428 1578 1466 1614 ἃ
1493 1580 1626 1617 dierum
1666 1583 1780 1630 primo
1808 1585 1854 1622 de«

1140 1628 1267 1672 armis,
1292 1628 1376 1663 idest
1409 1631 1582 1676 Expolire,
1617 1633 1772 1668 Lucidum
1802 1636 1852 1679 ef-

1131 1677 1246 1722 ficere.
1275 1679 1403 1714 Eadem
1432 1681 1568 1717 ratione
1604 1683 1759 1731 Major-es
1786 1698 1852 1721 no-

1139 1728 1195 1763 stri
1223 1730 1361 1763 Brunire
1387 1729 1411 1764 λ’
1426 1732 1527 1772 armi,
1555 1731 1729 1779 l’acciajo‚
1757 1734 1852 1771 Γαν-

1134 1790 1230 1826 gemo
1264 1779 1405 1819 dixere,
1432 1782 1467 1817 &
1495 1783 1606 1818 adhuc
1644 1797 1705 1820 nos
1735 1785 1850 1822 dicere

1140 1829 1336 1878 pergimus.
1374 1830 1460 1867 Inde
1495 1834 1665 1875 Thoraces,
1694 1835 1750 1871 scu
1786 1840 1852 1871 Lo-

1139 1881 1220 1914 ricae
1248 1881 1406 1917 militum
1435 1897 1453 1918 a
1481 1883 1624 1920 Francis
1652 1887 1849 1934 appellatae

1140 1932 1287 1974 Ermaia,
1317 1932 1372 1967 seu
1408 1937 1559 1979 Brunca,
1587 1936 1680 1984 quod
1715 1938 1851 1973 reluce-

1139 1990 1236 2016 rent.
1264 1982 1361 2018 Idem
1390 1984 1434 2019 est
1470 1987 1630 2030 Brunire‚
1659 2000 1697 2023 ac
1725 1989 1852 2023 Furvx'-

1139 2045 1192 2075 re,
1217 2033 1250 2066 &
1278 2034 1426 2069 Forbire.
1451 2037 1573 2082 Atque
1597 2036 1680 2073 haec
1706 2039 1849 2084 quidem

1139 2082 1393 2130 conjiciebam.
1423 2087 1554 2120 Verum
1593 2086 1654 2121 ubi
1691 2089 1850 2124 animad-

1138 2133 1252 2176 verti,
1287 2133 1376 2180 apud
1413 2134 1657 2171 vetustissimos
1695 2138 1850 2175 Theoti-

1138 2181 1211 2218 scae
1239 2182 1400 2231 Linguae
1428 2184 1620 2233 Scriptores
1645 2186 1848 2230 otfridum,

1139 2233 1342 2269 Notkerum
1356 2262 1366 2278 ,
1387 2235 1420 2269 8<
1441 2236 1552 2279 alios,
1569 2250 1748 2274 occurrere
1771 2252 1848 2276 ver-

1138 2284 1220 2320 bum
1258 2287 1410 2325 Furben,
1450 2285 1643 2334 significans
1680 2292 1845 2335 Purgare,

1138 2338 1289 2382 ngere,
1317 2337 1492 2382 Expolire:
1518 2351 1559 2373 eo
1588 2338 1703 2379 potius
1732 2339 1844 2385 feror,

1138 2395 1178 2420 ut
1205 2385 1362 2425 credam,
1391 2401 1407 2422 e
1435 2388 1623 2423 Germania
1658 2403 1719 2425 nos
1747 2403 1844 2426 acce-

1139 2436 1221 2483 piffe
1240 2437 1403 2481 ‘Forbirm
1431 2440 1492 2474 An
1519 2442 1601 2474 vero
1631 2440 1795 2476 Germani
1825 2455 1844 2476 e

1137 2487 1271 2523 Latino
1316 2490 1447 2522 furvus
1499 2491 1694 2536 acceperint
1747 2490 1842 2526 suum

1137 2540 1287 2576 Furben,
1314 2537 1477 2585 ignotum
1506 2539 1597 2576 mihi
1624 2541 1725 2589 plane
1752 2540 1816 2577 est.

1220 2589 1248 2621 Ξ
1277 2600 1295 2623 e
1322 2600 1339 2622 e
1368 2600 1388 2623 z
1694 2591 1792 2637 Fore-
