2169 3047
269 251 286 279 1
295 250 377 292 045
545 232 913 277 DJSSERTATIO
944 234 1359 279 TRJGESJMATAER
1367 236 1486 281 Tim
1659 257 1675 285 1
1685 249 1770 297 046

260 296 401 330 Schanne
424 319 434 329 .
478 293 571 327 Tum
613 293 650 329 in
687 293 966 330 Commentariis
1003 298 1047 332 AJ

258 345 374 382 MStis
401 343 618 378 Benevenuti
638 345 678 379 de
701 346 837 384 Imola,
867 345 908 379 ad
936 345 964 380 i—

261 396 337 431 dem
352 395 478 428 poema
490 394 631 430 circiter
641 397 785 430 Annum
804 397 965 431 Mccc-

258 447 338 481 xC.
366 444 538 484 exaratis,
565 446 615 480 ita
643 444 701 480 hic
729 446 824 481 locus
853 446 884 482 se
906 446 964 481 ha-

257 495 338 531 bet:
377 501 443 529 Con
470 495 592 530 t’acute
617 499 745 538 scanne,
773 496 876 536 idest,
903 500 964 532 Sa—

258 546 330 585 m's,
357 545 425 581 five
455 548 627 581 Dentibus.
666 545 794 581 Nescio
821 557 935 582 autem
954 574 965 590 ‚

259 609 320 631 cur
367 597 582 643 praelaudati
620 597 850 633 Vocabularii
887 600 963 633 Au-

257 646 371 682 &ores
397 651 529 691 sanna,
558 648 590 682 ὃ(
618 650 736 683 Zanna
755 647 883 684 Latine
905 661 963 696 ap-

257 698 382 745 pellari
409 701 521 733 sanna
549 698 769 744 scripserint.
808 698 962 733 Difficil-

256 748 384 784 limum
414 748 458 784 iis
486 748 576 783 foret
602 748 774 784 ostendere
792 773 802 788 ,
840 762 961 784 vocem

258 797 348 834 hanc
385 799 420 834 in
451 799 510 835 usu
547 799 758 835 Latinorum
797 798 894 835 fuiffe
923 800 963 834 ad

257 848 500 898 significandos
536 849 685 885 ferarum
721 850 860 885 dentes,
900 851 962 885 Sed

257 913 347 948 quae
387 901 489 949 origo
525 900 625 936 vocis
662 903 808 935 sanna?
845 903 957 935 Ferra—

256 951 354 991 rius,
391 950 429 987 ἃ
466 951 651 999 Menagius
689 964 707 985 a
734 954 823 984 Germ
857 951 956 985 dedu-

256 1012 368 1045 cunt,
406 1015 493 1048 quae
520 1001 608 1036 olim
648 1014 710 1049 pro
739 1003 841 1035 Dente
868 1001 960 1036 usur-

254 1061 357 1101 pata.
385 1051 510 1087 Unum
537 1061 653 1087 tamen
679 1051 824 1099 Apuleji
845 1063 960 1086 exem-

255 1103 354 1151 plum
397 1102 507 1138 adfert
548 1101 766 1150 Menagius,
804 1101 863 1136 ubi
900 1113 962 1148 pro

253 1153 353 1187 Genis
378 1154 434 1188 hac
462 1154 537 1187 illac
558 1153 716 1196 jamnis,
743 1151 871 1198 opinor
898 1164 962 1198 ego

252 1203 437 1249 legendum
476 1201 662 1242 Geminis,
704 1212 775 1247 quo
817 1201 961 1235 nomine

252 1250 375 1287 donati
414 1252 503 1285 olim
540 1250 661 1284 dentes
681 1273 697 1283 ,γ
729 1251 835 1284 Certe
873 1251 962 1297 apud

252 1300 409 1347 reliquos
437 1297 587 1334 Latinos
616 1297 706 1332 alius
740 1297 852 1332 sensus
882 1300 961 1333 voci

252 1353 358 1384 Genae
377 1362 446 1384 non
470 1347 560 1392 fuit,
588 1347 650 1383 nifi
671 1347 729 1386 id,
757 1350 849 1396 quod
871 1361 962 1383 nunc

252 1400 337 1436 Itali
375 1399 519 1435 Guancia
556 1399 735 1447 appellant
761 1423 771 1438 ‚
817 1400 858 1433 de
895 1412 961 1446 qua

252 1451 324 1500 jam
352 1450 451 1499 supra
479 1449 590 1484 sermo
618 1449 706 1484 fuit.
744 1448 959 1497 Legitimam

251 1515 336 1550 ergo
384 1500 547 1537 vocabuli
593 1499 766 1549 originem
814 1500 932 1547 accipe
952 1524 962 1539 ‚

253 1565 378 1601 nempe
398 1555 494 1595 Zau,
515 1550 583 1586 five
602 1551 733 1590 Zancb‚
761 1551 853 1598 quod
875 1552 958 1586 Ger-

252 1604 411 1639 manicae
447 1601 608 1650 Linguae
643 1601 713 1645 est,
751 1604 883 1636 Dentem
920 1601 952 1636 fi-

251 1653 445 1703 gnificans‚
475 1652 745 1701 propriumque,
773 1654 806 1686 &
838 1652 959 1700 primi-

250 1705 367 1740 tivum
397 1705 434 1740 in
463 1716 582 1739 eorum
612 1703 780 1751 Lingua,
808 1703 841 1737 δ(
871 1705 960 1739 unde

250 1755 341 1791 aliae
369 1768 438 1790 non
469 1766 595 1802 paucae
623 1767 726 1788 voces
751 1752 960 1801 compositae

249 1806 366 1841 fuere.
395 1805 493 1840 Hinc
521 1804 613 1840 rebla
642 1804 806 1839 Italicum
827 1807 958 1850 sanna,

247 1857 282 1891 8(
310 1858 452 1890 Zanna.

197 1907 306 1942 Zara.
335 1906 446 1939 Ludus
472 1905 630 1948 talorum,
659 1904 727 1940 five
755 1905 930 1951 refferarum
948 1933 957 1950 ,

247 1956 446 1999 Periculum,
474 1958 635 1990 Damnum
652 1982 661 1991 .
700 1958 783 1992 Inde
814 1960 897 1991 Dare
925 1958 957 1991 in

248 2009 367 2047 Zara,
403 2009 526 2041 Cade‘re
566 2007 600 2040 in
640 2008 759 2050 Zara,·
795 2009 888 2041 Vinci
924 2008 957 2041 in

248 2058 349 2096 ludo,
397 2060 515 2092 Errare
543 2082 551 2091 .
597 2056 759 2105 Ejusdem
807 2057 957 2106 originis

249 2108 403 2144 creditur
430 2121 448 2142 a
476 2108 656 2142 nonnullis
684 2107 862 2143 Gallicum
886 2112 955 2142 Ha-

248 2160 385 2204 zarda,
414 2157 609 2206 significans
646 2161 782 2192 Mettere
809 2173 829 2193 a
855 2172 954 2203 zara,

246 2222 268 2244 a
293 2209 432 2252 riſshio:
459 2209 492 2242 &
521 2209 678 2253 Hazard‚
717 2209 866 2253 Risehio,
894 2213 953 2243 Pe·

246 2259 364 2293 vicolo:
391 2258 443 2292 uti
471 2259 505 2292 ὃ(
535 2259 699 2294 Italicum
729 2259 952 2307 proverbium

247 2311 337 2344 Zara
362 2323 383 2343 a
409 2308 459 2342 chi
484 2319 584 2348 toccu,
612 2309 716 2354 idest,
753 2311 817 2344 Chi
848 2310 954 2356 falla,

241 2360 300 2406 suo
325 2363 454 2394 a'anno.
482 2359 541 2394 Ab
567 2361 654 2394 Alea
683 2373 742 2408 per
770 2360 842 2396 vim
873 2364 953 2397 Fer-

246 2412 357 2447 rarius
396 2410 483 2445 hanc
521 2423 641 2445 vocem
680 2410 858 2447 trahebat.
888 2412 953 2447 Vi-

247 2460 422 2504 dendum,
452 2473 534 2496 num
563 2461 605 2496 ab
627 2462 784 2497 Arabum
818 2464 953 2511 Populo

251 2521 314 2543 nos
348 2511 448 2546 illam
486 2511 639 2548 mutuati
675 2511 869 2548 fuerimus.
897 2513 954 2548 Est

251 2558 413 2597 enimin
437 2562 578 2612 Lingua
613 2563 700 2609 illa,
735 2564 861 2602 Gollio
895 2564 984 2606 in-}
1032 2580 1037 2606 ι

1005 1661 1033 1692 D

1123 304 1299 343 tet-prete,
1345 298 1478 341 Dzhara
1499 325 1508 342 ,
1549 300 1695 345 Noc-uit,
1736 301 1831 336 Noxd

1122 347 1256 393 affecit,
1302 347 1423 390 laesit,
1470 349 1559 384 unde
1605 352 1827 389 efformatum

1123 401 1316 443 Dzharrom
1343 401 1457 440 Noxa,
1494 400 1629 441 Laelio,
1665 405 1764 438 malus
1792 406 1828 440 &

1124 449 1233 483 noxius
1264 452 1389 492 flatus,
1423 450 1608 496 Angustia,
1646 456 1827 489 Detrimen-

1122 509 1188 533 tum
1206 526 1214 534 .
1243 498 1466 536 Covaruvias
1493 513 1632 548 quoque
1661 505 1830 552 Hispani-

1122 562 1201 584 cum
1247 554 1346 597 Azar
1390 563 1432 585 ex
1482 552 1637 588 Arabica
1687 556 1827 605 Lingua

1122 599 1289 636 deducit.

1070 654 1187 690 Zecca,
1215 653 1369 692 Moneta,
1405 651 1561 697 Officina,
1595 654 1654 690 ubi
1693 657 1830 694 nummi

1122 702 1318 738 cuduntur.
1355 704 1528 741 Caninius
1569 706 1600 740 8<
1641 707 1830 755 Menagius

1122 774 1139 796 a
1168 763 1302 802 Graeco
1335 757 1462 810 Θῆκη,
1491 763 1558 799 five
1587 766 1713 801 Theca:
1747 769 1830 803 Fer-

1121 819 1230 856 rarius
1261 835 1280 857 a
1316 814 1435 870 Zv'yog
1473 824 1598 864 Libra,
1634 825 1831 863 derivatam

1121 884 1245 907 vocem
1282 871 1476 908 divinando
1514 873 1574 910 fibi
1615 876 1829 923 persuasere.

1120 923 1174 957 At
1210 935 1272 957 nos
1303 935 1321 957 a
1361 923 1536 959 Persarum
1574 936 1634 962 aut
1669 929 1830 963 Arabum

1119 971 1259 1019 Lingua
1296 973 1453 1009 didicisse
1491 974 1672 1013 videmur.
1712 978 1831 1014 Persae

1119 1021 1213 1057 enim
1227 1051 1237 1067 ,
1259 1023 1401 1059 testante
1422 1026 1564 1074 Angelo
1585 1041 1602 1062 a
1624 1028 1749 1064 SanS'to
1770 1031 1831 1072 Jo-

1119 1072 1223 1120 seph,
1244 1076 1407 1110 Monetam
1429 1077 1606 1122 appellant
1627 1082 1738 1114 Secca.
1765 1080 1832 1114 ΕΞ.-

1120 1123 1197 1157 dem
1222 1136 1307 1159 voce
1334 1124 1409 1160 usos
1435 1125 1530 1161 fuss:
1553 1128 1584 1161 8<
1610 1130 1741 1164 Arabes
1768 1143 1833 1177 pu-

1121 1180 1180 1214 to,
1208 1185 1315 1218 quum
1346 1174 1497 1220 Hispani
1535 1177 1644 1212 adhuc
1673 1182 1749 1212 seca
1777 1180 1833 1215 di-

1120 1230 1222 1260 cant,
1261 1232 1502 1270 praetereaque
1544 1227 1633 1274 apud
1671 1229 1833 1265 covaru-

1120 1270 1215 1305 viam
1244 1273 1442 1307 Guadixius
1472 1287 1532 1319 pro
1560 1287 1656 1311 certo
1683 1277 1831 1324 habeat,

1119 1332 1195 1353 eam
1221 1320 1284 1354 effe
1313 1334 1433 1356 vocem
1464 1323 1634 1361 Arabicae
1658 1328 1829 1372 originis.

1119 1371 1166 1404 Et
1202 1383 1342 1414 revera,
1371 1372 1496 1407 Gollio
1533 1374 1636 1420 teste,
1673 1373 1830 1416 sikkaton

1119 1420 1296 1456 Arabibus
1341 1420 1513 1470 fignificat
1558 1429 1683 1473 Typum
1721 1431 1830 1473 chaly-

1118 1472 1228 1514 beum,
1256 1484 1314 1518 quo
1345 1473 1492 1518 fignatur
1518 1479 1671 1515 Moneta.
1710 1474 1830 1526 Quam.

1118 1521 1154 1556 in
1184 1534 1255 1557 rem
1293 1521 1323 1557 is
1352 1523 1471 1561 laudat
1507 1527 1719 1565 Gieuharem
1751 1534 1830 1568 Au-

1117 1571 1271 1607 &orem.
1300 1573 1372 1608 Hic
1400 1583 1539 1620 autem,
1568 1576 1589 1612 fi
1624 1581 1761 1617 Pockio
1788 1583 1829 1619 in

1118 1622 1248 1658 Histor.
1277 1625 1385 1659 Arab.
1420 1624 1524 1666 fides,
1552 1628 1650 1666 vixit
1685 1632 1829 1670 circiter

1117 1675 1262 1709 Annum
1293 1674 1445 1723 Hegirae
1472 1679 1651 1717 CCCXC.

1065 1727 1180 1760 Zecca.
1209 1725 1362 1760 Ricinus.
1390 1728 1476 1762 Eam
1515 1741 1635 1766 vocem
1675 1732 1717 1767 ab
1751 1732 1827 1781 ipso

1115 1785 1275 1829 Ricinus,
1303 1795 1362 1821 aut
1397 1800 1415 1822 e
1451 1789 1585 1824 Graeco
1623 1781 1826 1840 ΤζιΒῖκιε-ν

1114 1834 1326 1886 Menagiusg,
1346 1839 1519 1874 Ferrarius
1537 1853 1619 1876 vero
1635 1854 1653 1876 e
1673 1842 1828 1879 somnia·

1115 1896 1153 1921 to
1182 1888 1354 1923 vocabulo
1382 1888 1517 1925 Latino
1553 1892 1690 1938 Sugica‚
1717 1893 1826 1929 dedu-

1115 1951 1216 1974 xere.
1256 1940 1390 1974 Neuter
1426 1939 1700 1983 animadvertit,
1736 1945 1827 1979 Ger-

1114 1988 1288 2024 manicam
1332 2002 1453 2025 vocem
1490 1993 1596 2035 Zeclz‚
1632 1992 1689 2029 seu
1724 1995 1826 2032 Zecke

1113 2037 1246 2074 fontem
1276 2040 1361 2083 effe,
1390 2040 1480 2076 unde
1515 2042 1666 2078 nostrum
1705 2046 1824 2085 Zecca,

1113 2089 1264 2124 Ricinum
1292 2090 1483 2126 hausimus.
1514 2092 1698 2141 Significat
1726 2095 1822 2131 enim

1113 2139 1201 2187 apud
1239 2143 1432 2177 Germanos
1462 2141 1556 2178 idem
1594 2144 1688 2192 quod
1721 2145 1824 2181 Itali-

1113 2203 1190 2226 cum
1219 2193 1333 2226 Zecca.

1059 2241 1229 2277 Zimarra.
1258 2241 1369 2277 Vestis
1405 2256 1531 2291 genus.
1561 2244 1654 2281 Vide
1691 2245 1823 2283 Differ-

1111 2291 1284 2328 tationem
1313 2295 1427 2329 XXV.
1454 2297 1493 2329 de
1520 2296 1691 2333 Textrina.

1059 2342 1220 2389 Zingaro.
1266 2343 1357 2379 Vide
1397 2344 1684 2383 Differtationem
1723 2349 1820 2385 XVI.

1109 2395 1147 2428 de
1175 2395 1453 2431 foeneratoribus.

1058 2445 1189 2490 Zoppo.
1229 2446 1396 2481 Claudus.
1440 2446 1619 2495 Ingeniose
1660 2450 1817 2493 Etymon

1110 2495 1176 2530 hoc
1212 2494 1390 2531 derivavit
1418 2498 1603 2546 Menagius
1632 2512 1650 2534 e
1683 2501 1817 2536 Graeco

1110 2547 1340 2601 Χωλόπους,
1383 2554 1600 2605 significante
1652 2559 1815 2597 Claudus.

1211 2620 1243 2654 V
1271 2631 1293 2653 v
1321 2631 1343 2654 v
1372 2631 1393 2656 2
1667 2624 1766 2659 Con-
