2169 3047
263 227 398 317 g9li271e.
440 267 594 304 Meliora
636 280 701 315 ego
737 268 868 306 adferre
904 283 974 306 non
1008 271 1039 306 A

293 320 427 356 ossum.

217 333 394 418 Pignatea.
430 369 524 403 Olla.
563 371 645 404 Non
682 370 832 406 arbitror
859 372 971 420 impo-

266 421 366 455 situm
396 418 461 453 hoc
491 432 641 459 nomen,
679 422 771 468 quod
809 422 844 457 in
875 437 974 459 cacu—

264 471 384 511 mine,
414 471 524 504 veluti
556 474 682 514 Pmea,
720 482 841 507 acurae
869 474 975 510 effent

264 522 387 561 Ollae,
419 531 456 555 ur
487 522 671 568 M>nagius
701 521 887 570 suspicatus
908 525 971 561 est:

264 573 396 619 quippe
433 572 535 605 Ollae
573 572 750 608 orificium
790 586 973 620 apertum,

264 623 445 668 latumque
484 622 638 666 habent,
679 624 711 657 &
756 637 971 673 nequaquam

264 671 422 707 desinunt
453 673 488 707 in
518 686 686 709 acumen.
727 676 850 722 Neque
880 677 970 723 quod

262 725 394 761 Ollae‚
437 723 516 758 dum
562 724 597 759 in
641 724 778 760 fornace
815 740 971 774 coquun—
1012 725 1039 758 Β

263 783 341 812 tur,
370 775 420 809 ita
448 774 630 821 dispositae
659 775 744 815 sint,
773 785 811 811 ut
842 779 966 813 Pinum

261 824 433 864 referant,
473 825 569 860 sicuti
600 826 774 861 Ferrarius
802 829 970 869 opinaba-

261 884 350 918 tur,·
377 889 482 922 quum
514 877 582 911 alia
611 891 749 924 quoque
778 878 903 914 fiffilia
931 878 968 914 fi-

260 925 340 961 mili
370 928 494 961 ordine
534 939 789 969 componantur
825 930 862 964 in
900 928 968 964 for-

259 977 425 1012 nacibus.
465 978 625 1023 Suspicor
663 980 778 1023 potius
814 979 968 1015 inditum

260 1027 350 1062 Ollae
395 1029 602 1064 vocabulum
648 1030 834 1076 mgnum,
876 1030 969 1076 quod

259 1077 347 1112 olim
378 1078 414 1114 in
445 1092 540 1115 more
569 1079 648 1115 effer
673 1081 848 1128 operculis
869 1082 966 1115 Olla-

258 1141 335 1162 rum
389 1130 504 1162 Pineae
554 1129 701 1163 formam
754 1130 934 1176 imponere
960 1156 968 1165 .

258 1179 365 1212 Nunc
395 1178 497 1210 Pinea
530 1191 599 1212 nux
629 1190 646 1212 a
676 1177 776 1212 nobis
814 1181 962 1224 appella·
999 1172 1033 1209 C

257 1234 314 1261 tur
342 1227 470 1273 Pigna‚
499 1227 638 1275 ejusque
667 1227 797 1264 fruflus
825 1230 966 1276 Pigmw-

257 1276 307 1310 lo.
336 1278 388 1310 Ex
418 1278 501 1311 Olla
529 1279 666 1312 Pineata
694 1280 843 1314 manasse
871 1280 966 1314 vide-

258 1333 316 1358 tur
345 1326 509 1371 agnata,
537 1326 713 1371 Pignatta.

206 1375 397 1414 Pilucmre,
440 1375 688 1421 Spiluzzicare.
735 1376 862 1412 Sensim
902 1377 965 1413 ali-

258 1425 343 1474 quid
372 1438 534 1473 carpere‚
567 1426 676 1462 veluti
708 1427 841 1475 plumas
869 1429 901 1463 ὃ(
932 1442 965 1462 a-

258 1477 356 1512 cinos
386 1489 492 1511 uvae.
532 1478 566 1511 A
596 1477 729 1512 Latino
766 1479 880 1518 Pilus,
909 1479 966 1513 Pi-

259 1528 345 1562 lutus
360 1553 371 1568 ‚
398 1526 576 1568 Pilun'cus,
607 1528 804 1572 Piluticare,
841 1529 965 1565 Mena-

259 1578 337 1627 gius
364 1579 523 1612 Piluccare
563 1587 704 1614 enatum
742 1578 900 1616 censuit.
939 1582 965 1615 E

257 1629 377 1668 Pilus,
413 1628 555 1663 Pilutius
572 1654 582 1669 ‚
620 1630 825 1674 Expilutiare
845 1658 854 1673 ,
891 1631 965 1674 Spi-
986 1623 1032 1657 11)

257 1679 413 1723 lucc-iare,
442 1680 634 1726 Spiluzzare
650 1705 660 1719 ,
688 1680 910 1728 Spiluzzicare
936 1681 964 1717 i-

255 1730 333 1766 dern
365 1729 522 1778 Scriptor
560 1731 600 1766 ad
639 1745 761 1766 vocem
799 1732 964 1778 spiluzqi-

254 1794 324 1816 care
361 1794 421 1829 per
447 1781 553 1816 aliam
587 1781 711 1816 scalam
742 1782 907 1829 (multae
934 1783 966 1818 ei

256 1830 386 1879 quippe
413 1840 511 1867 erant
537 1831 577 1867 ad
605 1845 710 1868 omne
737 1834 850 1881 opus)
871 1847 889 1869 e
910 1834 967 1868 Pi-

254 1883 286 1916 Io
327 1891 443 1917 tamen
487 1883 632 1929 petitam
651 1911 661 1927 ‚
709 1883 748 1918 ad
792 1884 964 1933 originem

255 1932 380 1968 horum
412 1932 594 1968 verborum
625 1947 687 1969 nos
715 1934 882 1971 deduxit.
920 1937 968 1972 Et

256 1982 335 2018 sane
363 1982 398 2017 in
429 1982 473 2018 iis
503 1983 623 2020 sentiri
653 1998 723 2020 vox
752 1986 845 2020 Pilus
868 1986 965 2021 vide-

256 2041 340 2077 tur,
377 2033 469 2080 quasi
506 2033 546 2068 fit
582 2036 669 2069 Pilos
706 2034 823 2070 sensim
853 2036 966 2072 detra-

256 2083 358 2119 here.
397 2084 458 2119 Sed
488 2085 568 2132 quei
597 2099 639 2121 ex
668 2086 759 2120 Pilus
788 2087 966 2124 emerserit
1003 2077 1030 2110 Ε

254 2135 440 2175 Piluccare‚
469 2134 641 2171 somniare
669 2135 810 2183 quidem
842 2148 938 2185 potes
955 2166 965 2183 ,

254 2194 292 2220 at
320 2188 415 2221 certo
441 2185 614 2223 ostendere
635 2200 704 2222 non
727 2197 845 2235 potes.
867 2191 963 2234 Qua—

252 2249 290 2271 re
319 2235 406 2272 mihi
438 2237 510 2272 veri
541 2237 680 2274 videtur
709 2237 881 2283 fimilius,
921 2253 963 2276 ex

252 2286 442 2322 Germania
472 2287 511 2323 ad
541 2301 603 2324 nos
632 2288 760 2324 venisse
791 2288 857 2325 hoc
886 2303 963 2326 ver-

252 2337 356 2373 bum.
394 2338 565 2384 Pfluchen,
606 2337 801 2388 signssficans
840 2342 960 2388 Deplu-

251 2400 356 2426 mare,
393 2388 537 2437 antiqua
576 2391 610 2425 &
648 2390 787 2438 propria
815 2390 860 2426 est
888 2405 959 2427 vox

251 2435 350 2472 illius
380 2439 558 2488 Linguae.
599 2440 728 2476 Exciso
766 2454 827 2489 pro
865 2455 959 2477 more

252 2488 296 2520 F.
323 2489 446 2524 Ifalice
475 2491 579 2526 evafit
610 2493 776 2530 Pluccm,
814 2492 956 2527 Pilucca-

249 2548 308 2578 ’τι
334 2539 368 2573 δι
395 2539 517 2579 addito
542 2544 597 2577 Ex
625 2542 812 2580 secundum
840 2542 956 2581 Muti-

564 207 930 253 DISSERTA‘IIO
962 207 1502 254 JRJGESJMATERTJA.

1701 229 1787 268 922

1137 268 1275 305 nensem
1323 268 1523 305 Dialeffim
1566 273 1731 316 Spluccave
1757 297 1767 312 ,
1812 271 1847 306 δι’

1136 322 1275 356 Gallice
1300 321 1489 366 Esplucher.
1521 323 1688 358 Nicotius
1715 325 1756 359 ab
1777 326 1848 357 Ex-

1133 374 1251 416 plicare
1277 399 1286 413 ,
1335 370 1522 419 Menagius
1564 374 1605 405 ab
1651 376 1849 420 Expellicare

1136 421 1232 457 suum
1274 423 1448 468 Esplucber
1489 431 1690 458 traxerunt.
1723 427 1847 472 Neque

1135 473 1230 508 vidit
1257 473 1470 522 Menagius,
1508 473 1601 507 idem
1642 473 1706 508 effe
1747 475 1848 510 Itali-

1135 536 1213 558 cum
1262 526 1421 558 Piluccare
1446 548 1456 563 ‚
1506 525 1727 569 Spiluzzicare
1753 551 1763 568 ‚
1806 524 1845 561 ἃ

1134 574 1313 610 Gallicum
1343 575 1536 618 Efplucber.

1082 625 1261 672 Pipillrello
1290 653 1298 661 .
1350 626 1542 672 Vtspislrello
1565 652 1574 661 .
1632 626 1813 672 Vespertilio
1836 653 1846 662 .

1136 678 1218 712 Non
1257 676 1414 712 Ferrario
1450 676 1635 712 deducenti
1678 677 1743 712 hoc
1781 690 1846 712 no-

1133 740 1212 762 men
1241 741 1259 762 a
1289 729 1392 770 [onitu
1423 727 1588 769 stridulo,
1624 726 1678 763 sed
1717 727 1847 763 Mena-

1132 777 1192 826 gio
1238 778 1400 813 assentior
1427 805 1438 820 ‚
1480 777 1670 817 censenti,
1713 791 1844 814 nomen

1131 827 1244 875 ipsum
1274 829 1485 865 Latinorum
1518 829 1748 864 immutatum
1778 829 1844 864 effe

1130 877 1168 914 in
1198 879 1263 914 hoc
1293 880 1524 919 vocabulum,
1562 893 1579 914 e
1616 880 1742 928 quibus
1771 879 1843 928 pri-

1131 941 1226 964 mum
1257 930 1300 964 est
1329 930 1507 965 usitatius.
1545 929 1647 965 Illius
1686 932 1843 966 mentio·

1130 992 1209 1015 nem
1231 979 1321 1023 feci,
1343 991 1381 1016 ut
1404 980 1530 1016 sentiat
1554 981 1704 1023 Leffion
1729 993 1843 1028 quou-

1129 1029 1211 1077 sque
1240 1030 1358 1067 sensim
1393 1033 1545 1079 Populus
1584 1032 1841 1080 corrumpendo

1128 1081 1290 1126 antiquas
1319 1095 1448 1121 voces,
1485 1096 1539 1118 eas
1576 1095 1594 1117 e
1632 1084 1742 1129 prima
1783 1082 1842 1118 sua

1129 1128 1294 1166 struE’tura
1331 1132 1514 1167 defltfflt.
1554 1134 1621 1166 Pro
1659 1133 1844 1177 Vespertilio

1126 1178 1282 1214 invaluit
1313 1182 1526 1226 Vispssullo,
1564 1194 1602 1215 ac
1630 1181 1754 1216 deinde
1782 1183 1844 1216 Pi-

1122 1229 1283 1273 pistrello.
1323 1230 1483 1278 Longius
1511 1231 1618 1266 etiam
1650 1232 1840 1278 processere

1125 1279 1371 1323 hlutinenses,
1408 1281 1535 1327 quibus
1573 1281 1618 1316 est
1645 1283 1842 1328 Palpasirel-

1124 1329 1175 1370 Ιο,
1215 1328 1238 1362 fi
1280 1339 1397 1364 tamen
1439 1331 1524 1364 adeo
1562 1331 1676 1377 dispar
1712 1345 1783 1368 vox
1820 1347 1840 1370 e

1126 1377 1309 1424 Vespertilio
1333 1378 1488 1414 emersit.
1518 1382 1637 1428 Atque
1665 1380 1742 1417 heic
1764 1396 1839 1419 me-

1124 1428 1242 1468 mini,
1279 1427 1533 1466 Cremonenses
1570 1432 1689 1477 lepido
1718 1433 1838 1470 nomi-

1124 1491 1168 1514 ne
1210 1479 1286 1523 uti,
1327 1482 1541 1528 appellantes
1584 1483 1837 1529 Vespertilionem

1123 1530 1423 1577 Sgrt'gnapappola.
1452 1533 1627 1578 Sgrt'gnare
1654 1533 1699 1568 est
1726 1541 1838 1570 dentes

1124 1580 1298 1624 ostendere,
1325 1581 1452 1627 quibus
1481 1593 1615 1628 praefer
1643 1597 1774 1619 morem
1798 1600 1836 1621 a-

1123 1630 1250 1665 liarum
1280 1633 1462 1667 volucrum
1493 1634 1618 1668 armati
1656 1633 1734 1669 sunt
1763 1638 1835 1671 Ve-

1123 1680 1369 1728 spertiliones.
1401 1685 1440 1717 In
1473 1684 1710 1719 vocabulario
1737 1684 1834 1721 Cru-

1123 1731 1226 1767 scano
1255 1733 1490 1779 praecedentis
1519 1734 1687 1771 editionis
1716 1739 1834 1771 Nom-

1123 1782 1157 1817 la
1193 1785 1389 1831 appellatur
1427 1785 1634 1829 Vespertilio.
1674 1788 1832 1831 Vereor,

1122 1845 1165 1868 ne
1194 1847 1300 1869 unum
1329 1835 1380 1870 ibi
1410 1848 1472 1882 pro
1496 1833 1608 1871 altero
1633 1849 1760 1872 nomen
1782 1837 1833 1872 ir-

1122 1884 1291 1930 repserit.
1332 1888 1463 1921 Nottola
1499 1886 1591 1922 nihil
1628 1887 1722 1922 aliud
1761 1887 1834 1932 est,

1123 1934 1185 1970 nifi
1213 1937 1341 1972 Noffua
1367 1937 1578 1974 Latinorum
1595 1962 1607 1978 ,
1643 1937 1746 1974 nobis
1773 1939 1833 1973 Ci-

1122 1996 1232 2021 vetra.

1070 2036 1260 2081 Pizzicare.
1302 2039 1434 2074 Leviter
1471 2051 1609 2086 pungere
1633 2066 1642 2075 .
1683 2039 1833 2076 Censuit

1121 2087 1309 2136 Menagius
1336 2117 1346 2133 ‚
1387 2090 1429 2124 ab
1471 2089 1547 2138 ipso
1588 2094 1731 2136 Pungere
1772 2104 1833 2138 per

1122 2140 1318 2185 complures
1360 2140 1573 2175 mutationes
1611 2140 1713 2187 (non
1754 2143 1833 2178 raro

1120 2187 1370 2238 incredibiles)
1398 2190 1563 2226 emersisse
1588 2190 1728 2226 tandem
1750 2191 1833 2237 Piz-

1121 2239 1246 2284 ζίεανε.
1285 2242 1336 2276 At
1364 2241 1445 2277 vide
1484 2241 1582 2289 supra
1612 2245 1724 2281 Becco,
1762 2246 1832 2276 Ro-

1113 2290 1237 2333 strum.
1265 2291 1350 2328 Inde
1377 2300 1458 2328 nata
1485 2305 1556 2328 vox
1586 2292 1666 2327 ista.
1700 2296 1832 2327 Beccare

1120 2341 1236 2388 primo
1263 2343 1508 2387 efformatum,
1536 2343 1661 2378 deinde
1686 2343 1830 2378 Beccica-

1119 2404 1152 2426 re
1178 2392 1476 2440 frequentativum
1507 2407 1568 2441 pro
1604 2396 1724 2429 Andar
1752 2397 1832 2429 Bec-

1119 2445 1235 2479 cando.
1264 2443 1482 2479 Conversum
1511 2444 1546 2479 id
1576 2444 1613 2480 in
1638 2444 1832 2490 Pizzr‘care,

1120 2493 1161 2528 ad
1189 2493 1427 2530 imitationem
1457 2494 1603 2534 avium,
1645 2508 1732 2542 quae
1760 2499 1831 2530 Ro-

1110 2544 1178 2588 stro
1204 2545 1322 2582 cibum
1352 2544 1550 2595 captitant.
1578 2547 1632 2582 Ita
1653 2558 1718 2595 pro
1750 2549 1832 2582 Bec-

1711 2610 1779 2634 care
