2169 3047
250 234 270 262 :1
280 235 304 262 ο
313 234 328 260 1
338 233 362 274 7
542 213 907 257 DJSSERTATJO
938 212 1455 260 TRIGESJMATERTJA
1465 227 1476 259 .·
1662 234 1679 261 1
1688 235 1713 261 ο
1725 221 1772 262 18

244 277 465 314 criticorum
492 272 544 308 sui
572 275 741 322 temporis
770 274 950 323 princeps,
993 281 1025 315 A

243 331 373 363 Panno:
410 327 444 358 &
487 324 662 367 Lemniscos
707 325 797 373 apud
838 328 951 373 Vege-

244 377 334 413 tium
362 372 454 409 nihil
483 373 578 409 aliud
598 374 683 413 effe,
711 375 772 411 nisi
799 375 948 412 nostrum

245 426 360 468 Tasta.
389 423 578 460 Cornelius
605 423 727 460 Celsus
755 425 814 462 sub
840 426 951 462 Tibe-

242 475 298 511 rio
326 474 482 522 Augusto
519 475 710 511 Linamenta
746 474 785 511 ὅ(
821 477 950 511 Lemni-

237 526 305 570 scos
333 524 527 573 appellavit
554 524 735 561 filamenta
762 526 800 561 in
824 528 950 562 vulnus

244 574 380 611 indita.
409 575 537 611 Rursus
565 578 687 611 eodem
725 577 849 613 Seculo
876 576 950 613 Co—

243 626 391 662 lumella
426 629 607 661 pannorum
641 626 788 663 nomine
814 627 950 663 eosdem

243 675 419 720 Lemniscos
445 676 661 725 defignavit.
692 678 835 726 Quippe
862 682 951 714 Pan-

245 728 281 762 m'
308 725 401 762 fuere
428 726 539 763 lintea
566 727 627 763 usu
663 728 795 763 obtrita
812 755 822 772 ‚
859 728 953 763 testi-

245 778 308 814 bus
356 777 524 813 Suetonio
565 778 603 813 in
645 777 812 827 Caligula
862 777 953 827 Cap.

246 839 306 876 35.
335 827 530 868 Terentio,
557 830 591 864 8<
621 829 725 877 aliis;
756 828 845 864 unde
866 832 952 864 Pan-

246 880 358 923 nosus.
395 881 517 927 Atque
544 879 631 915 alibi
660 880 828 928 Vegetius
857 878 954 927 supra

245 928 406 966 laudatus
443 931 477 965 &
520 933 666 965 Pannum
706 931 738 964 &
782 930 955 973 Lemniscos

246 980 362 1015 eadem
393 979 646 1028 significatione
684 979 845 1028 usurpat.
873 979 954 1015 Lib.

247 1043 279 1067 2.
308 1032 395 1078 Cap.
424 1035 484 1077 48.
523 1030 664 1079 inquit.
702 1033 797 1066 Ficus
825 1030 956 1074 Aphros

244 1085 413 1116 contundes
454 1083 487 1115 in
526 1082 598 1126 pila
624 1108 635 1126 ,
677 1082 720 1115 (9⁶
758 1081 883 1115 induces
923 1080 956 1113 in

244 1137 357 1169 Panno
393 1131 466 1170 &a
503 1135 565 1166 Per
593 1132 756 1175 foramina
793 1131 887 1164 etiam
919 1142 955 1163 u—

236 1183 350 1225 stionis
387 1181 583 1222 Lemmfium
618 1180 706 1213 trahi
739 1181 847 1213 debere
887 1180 957 1213 &c.

243 1233 359 1267 Docet
387 1242 450 1264 nos
478 1227 571 1264 idem
599 1228 814 1277 Menagius,
851 1242 894 1265 ex
923 1227 955 1264 I-

244 1281 355 1316 talico
375 1279 472 1318 Tasta
497 1278 719 1310 efformatum
747 1278 846 1312 fuifl'e
867 1282 956 1311 Tan—

241 1329 314 1372 sta,
343 1339 381 1362 ac
409 1324 534 1361 deinde
561 1328 690 1364 Tanta,
730 1324 767 1361 ἃ
805 1324 956 1372 denique

244 1379 424 1415 Gallicum
454 1379 573 1419 Teme,
601 1374 797 1423 significans
825 1376 951 1410 Lemni—

240 1431 346 1476 [cum.
376 1430 430 1464 Ne
468 1426 533 1461 hoc
571 1426 712 1473 quidem
751 1425 854 1461 facile
882 1439 953 1461 cre-

246 1481 325 1517 das.
353 1477 492 1514 Gallica
521 1489 590 1512 vox
612 1476 872 1512 dubitationem
895 1489 953 1524 po-

245 1531 317 1567 tius
345 1529 499 1578 ingerere
536 1527 637 1562 nobis
666 1527 799 1575 posset,
827 1540 870 1562 an
898 1526 954 1561 ad—

244 1582 360 1617 hibita
396 1579 484 1615 olim
523 1577 620 1620 Tasta
647 1576 774 1620 fuerit,
811 1578 852 1612 ad
890 1591 949 1612 ex-

244 1630 475 1682 plorandum,
503 1642 590 1677 quae
615 1627 704 1663 foret
729 1628 855 1663 ulceris
883 1627 950 1662 five
998 1636 1028 1668 D

244 1684 367 1732 plagae
409 1679 591 1716 altitudo.
630 1681 722 1714 Nam
759 1678 853 1714 idem
891 1691 952 1713 no-

246 1747 326 1771 men
364 1736 467 1767 Tema
505 1729 706 1765 Florentiae
742 1729 780 1764 in
817 1728 877 1764 usu
909 1728 951 1763 est

245 1785 287 1820 ad
306 1781 552 1830 designandum
573 1780 764 1826 Specillum,
789 1778 856 1815 five
877 1778 953 1814 sub—

245 1834 348 1870 tilem
388 1832 514 1867 hastam
556 1829 724 1874 ferream,
761 1843 829 1877 qua
866 1830 953 1866 Chi-

246 1884 341 1931 rurgi
362 1881 559 1917 scrutantur
580 1879 854 1928 profunditatem
876 1881 952 1915 vul—

245 1946 390 1970 nerum.
418 1931 454 1967 Si
481 1930 547 1965 hoc
576 1930 666 1966 olim
703 1930 833 1966 fastum
873 1930 952 1965 fuis—

247 1985 322 2023 set,
364 1981 669 2028 intelligeremus,
706 1994 768 2016 cur
807 1980 952 2017 Lemni-

247 2035 341 2070 scum
367 2032 464 2068 Galli
485 2035 583 2066 Teate
602 2031 802 2079 appellent,
829 2045 848 2066 a
870 2034 954 2066 Ten-

245 2096 340 2128 tare,
378 2092 416 2119 ut
454 2090 564 2130 put0;
601 2094 665 2116 nos
701 2084 784 2117 verb
811 2081 909 2124 Tasta
938 2095 954 2116 a
978 2113 982 2155 ἶ
1002 2087 1027 2119 Ε

246 2135 403 2177 Talium,
441 2132 506 2167 hoc
544 2131 614 2172 est,
651 2133 850 2177 Explorare.
891 2132 954 2167 Sed

248 2185 332 2234 quia
369 2184 409 2220 ad
448 2183 557 2219 alium
601 2181 706 2218 finem
747 2160 983 2219 Lemniscusl

246 2236 286 2272 in
314 2234 517 2271 vulneribus
554 2232 759 2276 adhibetur,
795 2232 833 2268 in
871 2245 954 2267 con·

249 2286 381 2335 jeElura
410 2285 472 2319 hac
500 2282 674 2319 confistere
711 2296 780 2317 non
818 2282 953 2318 audeo.

248 2334 460 2385 Tagaultius
501 2335 539 2370 in
582 2332 650 2369 suis
700 2332 954 2373 Institutionib.

248 2385 449 2434 Chirurgic.
485 2383 606 2420 scribit
641 2382 799 2419 adhiberi
826 2387 953 2418 Turan-

249 2438 331 2480 das,
367 2438 423 2481 seu
463 2435 645 2478 Penicilla,
681 2432 728 2472 «ἔφ’
764 2433 955 2469 Linamenta
973 2447 985 2586 l

253 2486 365 2532 (quae
404 2485 449 2524 ἔφ’
485 2485 635 2522 Lichinia
672 2484 821 2532 vocant)
861 2497 953 2531 quum

253 2536 387 2583 {vulnera
405 2536 483 2585 sunt
507 2535 695 2587 ampliandp
715 2536 769 2585 -υςζ
794 2536 953 2585 detergen-

1038 2178 1115 2267 μα

1120 274 1188 312 da,
1215 272 1268 306 vel
1294 285 1387 318 quum
1413 275 1541 322 aliquid
1566 275 1607 311 ab
1626 291 1727 312 eorum
1748 279 1830 323 fun-

1120 325 1159 358 do
1184 326 1385 357 vacuandum
1413 325 1473 366 cll.
1502 329 1561 361 An
1589 341 1631 363 ex
1663 327 1729 364 hoc
1758 328 1828 365 fine

1122 373 1288 410 Italicum
1317 375 1441 416 Tasta,
1469 373 1505 410 &
1533 378 1712 414 Gallicum
1742 383 1829 414 Ten-

1121 435 1182 468 ιε,
1223 436 1352 459 nomen
1393 425 1590 472 acceperint
1618 452 1628 467 ,
1669 430 1829 466 Eruditis

1121 474 1384 523 dijudicandum
1412 475 1595 524 relinquo.

1070 530 1226 562 Tattera.
1263 527 1366 561 Hanc
1404 538 1525 562 vocem
1563 529 1691 563 Malore
1715 544 1829 579 vergo-

1117 576 1213 623 gnoso
1239 577 1307 612 &a
1334 577 1521 625 Menagius
1558 578 1739 626 explicat,
1776 590 1830 616 at-

1121 639 1187 674 que
1215 625 1293 671 ait,
1329 640 1348 661 a
1386 626 1616 664 similitudine
1652 629 1830 667 fruffluum

1122 678 1278 725 palmae,
1307 677 1367 724 qui
1397 678 1520 714 Italice
1541 681 1692 719 Daneri,
1720 684 1831 717 Grae-

1122 740 1160 762 ce
1187 728 1219 762 &
1248 728 1379 763 Latine
1414 729 1552 775 Dac‘fyli
1587 732 1830 779 appellantur,

1121 777 1306 814 invaluiss‘e
1333 778 1542 814 vocabulum
1570 784 1721 817 Tattera.
1749 784 1832 818 Me-

1121 841 1158 863 ra
1186 828 1344 864 somnia.
1382 831 1488 874 Quod
1528 831 1657 867 alicubi
1697 836 1831 868 Tattera

1122 889 1340 926 nuncupatus
1368 880 1473 915 fuerit
1512 880 1541 917 is
1570 883 1735 922 morbus,
1773 882 1831 918 ni-

1122 928 1175 964 hil
1216 942 1360 973 moror,
1402 944 1601 979 quanquam
1640 932 1728 968 hanc
1766 946 1832 968 vo-

1122 992 1197 1015 cem
1225 979 1285 1016 sub
1314 981 1352 1016 ea
1386 980 1642 1029 significatione
1678 982 1829 1019 minime

1122 1031 1284 1078 agnoscat
1302 1032 1499 1067 communis
1514 1033 1719 1069 Italicorum
1737 1033 1831 1070 Lin-

1122 1093 1222 1128 gua:
1266 1094 1378 1129 neque
1419 1095 1492 1117 eam
1532 1083 1591 1118 sub
1628 1083 1695 1119 hoc
1734 1084 1830 1119 sensu

1123 1131 1418 1167 commemoravit
1445 1134 1718 1169 Vocabularium
1747 1136 1832 1169 Flo-

1122 1179 1321 1214 rentinum.
1349 1181 1522 1216 Irridendi
1547 1183 1662 1217 caussa
1681 1182 1833 1230 ejusmo-

1122 1228 1158 1264 di
1187 1230 1348 1265 morbum
1379 1230 1496 1278 aliqua
1534 1244 1616 1280 gens
1644 1245 1685 1267 eo
1713 1234 1833 1269 nomi-

1124 1291 1166 1312 ne
1187 1280 1328 1313 donarit
1342 1306 1350 1313 .
1382 1282 1572 1325 Nunquam
1594 1292 1687 1317 certe
1707 1297 1725 1318 e
1746 1287 1834 1318 Dat-

1123 1327 1184 1359 teri
1224 1326 1365 1361 effluxit
1412 1330 1622 1365 vocabulum
1670 1335 1830 1370 Tattera.

1123 1375 1223 1411 Mihi
1251 1378 1353 1424 plane
1380 1377 1502 1426 ignota
1523 1380 1568 1415 est
1588 1381 1689 1431 origo
1710 1382 1830 1420 illius.

1125 1429 1220 1462 Nota
1250 1438 1366 1462 tamen
1394 1428 1627 1477 significatio,
1660 1446 1763 1480 quam
1793 1448 1831 1469 a·

1124 1477 1192 1526 pud
1229 1476 1480 1523 Mutmenses,
1521 1481 1677 1530 aliosque
1716 1483 1833 1520 finiti-

1124 1541 1199 1563 mos
1228 1529 1463 1564 Lombardiae
1491 1544 1529 1565 ac
1561 1534 1686 1569 Italiae
1717 1536 1832 1583 Popu-

1124 1579 1177 1613 los
1204 1579 1363 1622 retinet;
1398 1592 1522 1629 nempe
1558 1586 1685 1617 Tattere
1711 1587 1832 1633 appel-

1123 1629 1241 1664 lantur
1276 1632 1321 1663 Le
1357 1632 1470 1669 Rohe,
1506 1644 1522 1665 ο
1551 1631 1602 1672 fia
1638 1635 1759 1669 Mobili
1794 1637 1832 1669 di

1119 1691 1191 1726 pam
1230 1681 1363 1719 valore,
1402 1680 1454 1716 uti
1491 1680 1560 1717 fere
1597 1682 1701 1726 sunt,
1741 1698 1828 1732 quse

1122 1730 1158 1765 in
1189 1743 1376 1778 pauperum
1414 1731 1565 1780 tuguriis
1602 1734 1826 1771 conduntur.

1121 1781 1226 1826 Quod
1256 1781 1438 1829 praecipue
1457 1781 1803 1821 animadvertendum
1817 1810 1829 1826 ,

1121 1832 1239 1866 eadem
1273 1845 1342 1866 vox
1380 1833 1577 1869 communis
1614 1834 1659 1870 est
1687 1836 1721 1871 8<
1750 1837 1830 1871 An—

1121 1882 1232 1928 glicae
1268 1881 1456 1930 Linguae,
1494 1883 1551 1920 cui
1585 1888 1698 1920 Tatter
1733 1885 1828 1922 idem

1120 1931 1292 1979 fignificat
1329 1942 1433 1981 atque
1470 1934 1635 1971 Italicum
1673 1940 1824 1972 Tattera.

1122 1982 1214 2018 Uter
1244 1984 1395 2032 Populus
1423 1984 1465 2020 ab
1493 1985 1604 2021 altero
1630 1988 1826 2033 acceperit,

1119 2032 1300 2068 decernere
1328 2047 1398 2069 non
1434 2034 1558 2070 ausim.
1595 2036 1758 2071 Fortaffis
1786 2050 1827 2072 u-

1119 2091 1239 2131 terque
1259 2085 1308 2119 >ab
1336 2084 1585 2131 antiquiffimis
1624 2086 1825 2123 Borealium

1119 2134 1300 2181 regionum
1330 2134 1482 2183 Linguis
1510 2134 1696 2172 didicerit.

1118 2197 1207 2229 (ζα.
1247 2185 1414 2231 Cymbas,
1452 2186 1620 2222 Poculum.
1657 2187 1824 2224 Arbitra<

1116 2252 1174 2279 tur
1215 2243 1400 2292 Menagius
1434 2257 1451 2278 a
1488 2246 1622 2279 Graeco
1655 2240 1822 2283 Πλατῦς

1117 2296 1239 2336 Latus,
1272 2297 1356 2328 Lata
1393 2295 1460 2329 &0ss
1497 2294 1585 2329 hanc
1614 2308 1734 2330 vocem
1763 2296 1823 2331 de-

1117 2343 1278 2380 scendiffe
1289 2344 1446 2391 perhanc
1459 2344 1654 2380 mirabilem
1673 2345 1819 2381 scalam:

1117 2397 1252 2437 Plutus,
1280 2395 1397 2432 Plura,
1435 2394 1614 2439 Plataffies,
1650 2395 1819 2440 Plataffiv,

1117 2444 1233 2490 Taffa,
1261 2447 1395 2489 Tazqa.
1425 2446 1546 2494 Apage
1566 2445 1735 2494 ejusmodi
1757 2459 1821 2482 nu-

1119 2509 1200 2542 gas.
1243 2497 1366 2542 Neque
1408 2494 1545 2531 felicius
1588 2495 1761 2532 Ferrarius
1802 2511 1821 2533 e

1117 2546 1260 2589 Testasea
1296 2544 1428 2583 trahit.
1464 2546 1571 2595 Apud
1599 2547 1732 2584 Arabes
1759 2560 1820 2583 oc-

1661 2606 1769 2634 currit
