2169 3047
358 197 441 237 971
638 178 1064 239 ANTIQUJT.
1112 179 1359 225 MEDII
1401 180 1593 225 AEVI
1777 199 1863 239 972

350 239 507 286 triusque
535 238 705 276 sententia
735 238 963 288 improbanda
990 237 1058 274 mi—
1081 241 1125 275 :A

348 288 387 324 hi
421 289 490 326 visa
527 290 595 326 fuit
631 290 667 326 in
707 290 814 327 Notis
851 290 893 326 ad
924 291 1056 338 Legem

349 341 412 377 68.
459 340 541 377 Lib.
583 341 616 378 6.
661 344 794 390 Legum
836 339 1056 390 Langobard.

349 392 564 438 Liurprandi
596 392 721 440 Regis,
753 393 845 427 Part.
876 393 920 427 11.
947 390 1057 426 Tomi

350 442 380 477 I.
419 445 497 478 Rer.
534 442 688 478 Italicar.
727 455 801 491 pag.
837 453 899 489 75.
929 444 1004 477 Aut
1041 454 1058 476 a

351 493 474 536 Semis,
502 503 562 528 aut
589 507 606 528 a
634 494 741 527 simus
768 495 914 540 petenda
943 492 1059 538 potius

351 544 454 592 origo
496 543 590 578 istius
627 542 744 578 verbi.
781 543 822 577 In
858 541 1058 590 Capitular.

352 594 394 630 ad
433 596 543 640 Leges
579 594 741 641 antiquas
777 594 1058 629 Alamannorum

353 645 441 691 apud
482 645 665 679 Baluzium
703 643 877 692 legimus:
916 645 956 679 Si
990 643 1060 690 quis

351 695 526 731 auriculam
561 695 761 734 Simaverih
795 694 904 738 solvat
937 695 1058 731 solidos

351 744 496 792 viginti.
523 745 677 780 scemasio
704 745 736 779 &
765 745 905 781 Sematio
931 744 1062 791 corporis

352 795 508 831 occurrit
556 795 595 831 in
646 795 802 845 Legibus
857 795 1060 845 Langobar-

352 845 476 882 dorum
494 872 503 883 .

303 898 409 934 Seme
423 923 432 933 .
470 900 523 932 Da
559 898 688 945 Eligere
722 896 748 933 ,ς’
765 898 782 933 ὲ
811 898 898 943 fano
932 900 1037 932 scerre
1053 923 1063 940 ,

355 947 477 995 inquit
505 947 747 985 Corbinellius
773 947 811 985 in
839 948 940 985 Libr.
967 950 1064 983 Dan-

356 998 404 1036 tis
430 999 473 1034 de
501 1000 607 1048 Vulg.
643 1001 832 1047 Eloquent.
860 1002 892 1035 E
919 1000 986 1035 dice
1012 997 1062 1034 be-

356 1062 417 1092 ne,
444 1049 542 1088 addit
569 1051 781 1099 Menagius.
819 1053 935 1086 lmmo
963 1063 981 1085 a
1008 1052 1064 1083 Se-

356 1099 477 1146 ligere‚
505 1101 598 1148 quod
627 1099 696 1136 fuit
722 1100 927 1137 conversum
956 1113 974 1134 a
1003 1112 1065 1134 no-

359 1149 413 1189 bis
440 1148 478 1184 in
505 1151 683 1195 scegliere,
720 1150 810 1186 unde
847 1163 907 1196 per
934 1147 1065 1195 Syneo-

358 1211 425 1247 pen
452 1200 673 1236 efformatum
702 1198 773 1238 fuit
798 1203 922 1235 scerre.

306 1250 486 1297 Scheggt'a.
514 1250 697 1291 Frussulum
721 1263 739 1283 e
763 1251 863 1293 lignus
887 1249 981 1292 [ciffis
1008 1248 1067 1283 de·

357 1307 496 1344 cidens.
533 1308 567 1343 A
605 1307 740 1342 Graeco
767 1295 908 1352 Σχῖζω
936 1306 1067 1338 Mono-

356 1356 487 1406 smius3
526 1369 545 1392 a
571 1354 703 1390 schidia
738 1355 926 1402 Menagius
963 1354 1066 1389 dedu·

356 1418 466 1445 cunt.
494 1407 536 1443 In
565 1408 710 1441 alteram
738 1418 781 1440 ex
809 1403 903 1441 hisce
931 1403 1069 1440 senten-

356 1458 421 1495 tiis
456 1471 475 1494 e
512 1457 657 1505 vestigio
694 1455 945 1499 concederem,
982 1468 1069 1503 quae

357 1517 477 1546 tamen
505 1507 544 1544 in
572 1508 664 1543 idem
693 1506 875 1546 recidunt,
913 1505 975 1543 nifi
1014 1519 1069 1543 me

356 1568 590 1596 remoraretur
625 1557 885 1606 aliquantulum
922 1558 1068 1594 Germa-

357 1610 438 1647 nica
467 1610 607 1658 Lingua
625 1637 635 1652 ‚
671 1608 729 1644 cui
767 1607 1007 1656 antiquiffima
1034 1609 1068 1644 δε

357 1661 499 1710 propria
527 1674 598 1698 vox
625 1659 691 1696 effe
717 1659 850 1695 dicitur
875 1659 1002 1699 seben,
1038 1659 1069 1695 i-

355 1712 436 1750 dem
465 1710 661 1760 significans
697 1724 737 1746 ac
774 1709 925 1748 nostrum
953 1711 1068 1757 Scheg-

351 1762 430 1810 gia.
459 1762 533 1801 Nifi
561 1761 599 1799 &
629 1760 690 1810 ipfi
716 1760 887 1797 Germani
914 1774 934 1797 e
959 1763 1066 1797 Grae-

356 1826 399 1848 co
426 1823 488 1849 aut
515 1813 645 1849 Italico
664 1812 823 1851 sermone
846 1812 943 1848 suum
965 1813 1070 1847 Scheit

355 1861 489 1899 fuerint
531 1863 712 1906 mutuati,
749 1876 813 1900 nos
849 1862 989 1900 facilius
1026 1863 1068 1899 ab

355 1911 428 1953 iis,
453 1914 558 1962 quam
588 1928 607 1953 a
634 1914 804 1957 Graecis,
841 1924 880 1951 ut
908 1915 1068 1963 complu-

354 1976 394 2001 ra
424 1964 493 2002 alia
510 1992 521 2009 ,
547 1965 614 2002 hoc
641 1966 749 2002 etiam
778 1965 990 2003 vocabulum
1011 1977 1067 2000 ac-

356 2014 483 2064 cepiffe
526 2015 688 2053 videmur
715 2043 724 2052 .
767 2015 1068 2054 Animadvertifl‘e

355 2063 394 2104 id
422 2065 562 2101 tantiim
590 2064 767 2105 sufficiat,
793 2080 902 2115 quum
931 2065 1067 2116 alioqui

356 2115 543 2164 agnoscam
569 2116 604 2152 &
633 2127 721 2164 ego,
740 2118 913 2153 Graecum
934 2117 1068 2153 schidia

357 2167 495 2224 egregie
522 2167 726 2214 respondere
745 2165 875 2202 Italico
894 2167 1066 2215 Scheggia.

305 2216 518 2255 Sebiacctare.
538 2219 756 2260 contundere,
777 2216 978 2263 Confringere
995 2228 1065 2261 pre-

355 2267 483 2303 mendo.
521 2265 718 2303 Tuscorum
747 2280 817 2302 vox
846 2265 912 2301 est.
952 2267 1066 2303 Nobis

354 2315 618 2353 Mutinensibus
661 2316 707 2353 est
748 2316 976 2362 Aschizzare.
1019 2321 1065 2354 Et

355 2366 436 2404 heic
472 2366 644 2403 discedere
682 2379 788 2415 cogor
824 2380 842 2402 a
881 2369 1065 2413 ferrario,

356 2418 391 2454 δε
418 2418 590 2467 Menagio
607 2445 616 2453 .
643 2418 709 2454 llle
737 2431 755 2453 a
782 2416 932 2464 Guaffare
962 2418 1060 2468 igno-

355 2476 397 2504 to
423 2472 557 2518 verbo;
586 2469 643 2504 hic
670 2469 714 2504 ab
741 2469 932 2516 Exgusct'are
959 2469 1065 2519 suspi-

358 2528 456 2559 catur
483 2521 627 2557 verbum
655 2519 743 2558 istud
770 2518 930 2558 fluxisse⁵
968 2522 1066 2558 Neu-

1220 248 1274 276 ter
1300 238 1572 285 animadvertit,
1607 240 1674 277 hoc
1710 240 1774 277 effe
1809 241 1924 278 Galli-

1222 304 1281 327 cae
1308 292 1489 340 Linguae,
1510 304 1633 341 nempe
1654 293 1824 336 Elcacher.
1845 292 1926 328 Bai-

1223 342 1321 387 leyus
1348 343 1453 378 etiam
1487 343 1710 378 Britannicus
1740 344 1929 389 Erymolo—

1223 391 1306 439 gista
1342 393 1489 429 minime
1527 393 1701 440 perspexit
1732 393 1926 442 Anglicum

1221 443 1364 490 Squash‚
1391 453 1453 478 aut
1478 446 1635 489 ἔξεισι-(ε,
1655 443 1747 478 idem
1776 444 1862 484 effe,
1889 456 1928 479 ac
1960 455 1962 457 '

1221 493 1400 530 Gallicum
1414 492 1566 535 Escacber
1576 519 1586 537 ‚
1597 492 1630 526 δ(
1643 492 1791 528 nostrum
1802 496 1929 529 Schiac-

1222 546 1302 579 eiare
1319 570 1326 578 .
1353 543 1532 578 Gallicum
1561 545 1645 578 vero
1683 542 1834 586 Escacber
1858 555 1929 579 non

1223 595 1332 630 audeo
1359 606 1424 641 ego
1460 601 1601 628 enatum
1638 592 1774 628 credere
1800 605 1844 628 ex
1872 606 1931 628 eo-

1223 656 1300 681 rum
1329 645 1436 679 verbo
1463 643 1588 690 Caffw,
1616 643 1708 679 idem
1734 642 1930 693 significan·

1223 703 1259 730 te
1272 721 1281 730 .
1299 693 1415 742 Ipsum
1435 697 1518 729 vero
1538 692 1642 740 Caffer
1661 695 1821 730 Gallicae
1841 694 1931 730 Lin-

1225 758 1312 794 guae
1338 757 1357 780 a
1384 744 1518 781 Latino
1553 743 1706 791 Quaffare
1740 742 1933 781 descendis-

1225 796 1282 840 se,
1309 795 1363 831 uti
1390 795 1483 831 idem
1514 795 1698 844 Menagius
1725 794 1932 839 contendit,

1226 846 1325 892 supra
1362 845 1488 896 negavi
1524 846 1566 882 ad
1603 846 1748 882 verbum
1784 844 1932 892 Caffare‚

1227 897 1321 945 quod
1349 897 1451 933 vide.

1176 948 1316 1003 Sekia-affl)
1332 975 1340 984 .
1367 948 1549 995 Colapbus.
1580 949 1736 995 Etymon
1764 961 1783 984 a
1810 948 1937 982 Mena-

1228 1012 1289 1048 gio
1329 998 1368 1035 ὅ(
1409 998 1569 1035 Ferrario
1609 998 1821 1048 propofitum
1865 1009 1935 1032 non

1229 1050 1411 1096 improbo.
1442 1052 1580 1097 Nempe
1616 1063 1659 1086 ex
1696 1049 1772 1098 ipso
1802 1048 1936 1085 Latino

1227 1101 1408 1146 Colaphus,
1436 1099 1628 1135 immutato
1650 1100 1687 1136 in
1707 1100 1874 1144 Clapbus‚
1901 1099 1936 1132 &

1228 1148 1350 1184 addito
1378 1151 1452 1188 Ex,
1478 1149 1644 1184 emerfiffe
1671 1146 1873 1194 Ean-lapibus,
1902 1147 1937 1182 I-

1229 1197 1335 1234 talice
1373 1197 1548 1234 redditum
1596 1211 1657 1246 per
1695 1198 1858 1244 Schiaffo.
1901 1196 1939 1232 Si

1229 1258 1347 1282 tamen
1382 1247 1613 1281 Germanicae
1649 1248 1810 1292 Linguae
1837 1256 1941 1282 vetu-

1229 1293 1407 1329 stissimum
1437 1294 1528 1329 foret
1553 1294 1763 1329 vocabulum
1785 1296 1940 1341 Schlappe

1230 1344 1406 1390 Colaphum
1433 1342 1651 1393 significans,
1679 1357 1750 1392 quo
1775 1344 1941 1381 nonnulli

1230 1393 1440 1431 Germaniae
1479 1395 1606 1443 Populi
1643 1404 1813 1437 utuntur,
1849 1395 1942 1431 mihi

1231 1445 1307 1481 veri
1350 1445 1526 1484 videretur
1564 1445 1738 1492 fimilius,
1779 1460 1822 1483 ex
1868 1445 1942 1495 ipsa

1231 1496 1421 1533 Germania
1463 1497 1694 1533 arcessendum
1735 1498 1799 1534 effe
1841 1497 1943 1533 Itali-

1233 1561 1311 1584 cum
1340 1548 1481 1594 Schiaffi:
1498 1575 1508 1592 ‚
1546 1561 1608 1597 pro
1635 1549 1789 1596 Schiappo
1815 1562 1834 1584 a
1860 1550 1943 1584 Ma-

1233 1598 1367 1649 joribus
1395 1598 1519 1634 nostris
1558 1599 1845 1647 pronuntiatum.
1885 1601 1944 1635 In-

1233 1649 1359 1698 quies:
1398 1650 1567 1687 Germani
1596 1649 1746 1686 fortaffis
1772 1650 1815 1686 ab
1843 1649 1944 1686 Italis

1234 1700 1332 1738 suum
1360 1702 1516 1749 Scblappe
1539 1714 1721 1750 accepere.
1748 1701 1802 1737 Sit
1824 1710 1864 1737 ut
1885 1713 1945 1736 ve-

1233 1751 1299 1790 lis.
1338 1753 1472 1788 Durum
1511 1751 1643 1799 semper
1679 1751 1775 1796 fuit,
1801 1765 1821 1788 e
1846 1751 1944 1786 Cola-

1231 1804 1313 1850 phus
1339 1801 1503 1852 prodiisse
1529 1803 1689 1848 Schiaffo.

1182 1854 1352 1892 schiana.
1393 1854 1499 1889 Genus
1524 1878 1534 1895 ‚
1575 1853 1683 1897 stirps
1703 1879 1714 1896 ,
1754 1851 1920 1899 Progenies
1936 1878 1945 1888 ο

1237 1906 1354 1941 Nemo
1391 1901 1582 1940 subscribat
1617 1903 1788 1952 Menagio
1820 1916 1943 1940 vocem

1234 1954 1324 1991 hanc
1350 1952 1527 1991 derivanti
1563 1966 1582 1990 e
1617 1953 1760 1993 Planta,
1796 1955 1945 2002 Explan-

1234 2015 1270 2041 ta
1286 2032 1297 2050 ,
1323 2005 1502 2048 Schianta‚
1537 2003 1707 2041 sthiana.
1746 2006 1861 2045 Nam,
1889 2004 1946 2041 in-

1234 2055 1316 2104 quit
1341 2055 1427 2098 ine,
1464 2055 1506 2091 ab
1542 2055 1744 2098 „Ea-plantare
1769 2055 1947 2091 Castelve-

1235 2115 1308 2143 trus
1326 2105 1466 2142 monuit
1478 2104 1684 2148 ,deduSlum
1703 2105 1801 2141 fuifl'e
1811 2106 1946 2142 sebia„-

1235 2167 1322 2193 rare.
1358 2157 1413 2192 At
1454 2155 1519 2192 hoc
1562 2155 1674 2204 ipsum
1717 2155 1789 2192 falfi
1831 2156 1946 2206 arguit

1235 2207 1490 2255 Menagianam
1519 2206 1809 2255 Etymologiam‚
1838 2219 1947 2256 quum

1234 2258 1324 2295 illud
1362 2261 1440 2300 Ex,
1476 2256 1544 2294 five
1571 2260 1606 2293 5.
1635 2258 1826 2299 Italicum,
1864 2270 1946 2294 con-

1235 2309 1385 2344 trarium
1415 2308 1583 2354 producat
1612 2307 1744 2345 sensum
1762 2335 1772 2350 ,
1810 2307 1876 2345 hoc
1901 2305 1945 2342 est

1234 2360 1365 2393 evellere
1411 2360 1564 2394 Plantam
1585 2386 1595 2403 ‚
1648 2372 1719 2397 non
1760 2368 1944 2407 propagare

1235 2411 1421 2454 Plantam,
1461 2408 1531 2447 five
1571 2411 1775 2447 continuare
1816 2407 1944 2454 Proge-

1235 2461 1329 2497 niem
1345 2487 1354 2496 .
1385 2461 1562 2496 Praeterea
1584 2457 1762 2507 quomodo
1782 2457 1877 2491 Ama
1898 2455 1944 2492 il·-

1234 2511 1296 2551 lud
1319 2511 1524 2549 conversum
1551 2510 1619 2545 fuit
1636 2507 1675 2542 in
1697 2509 1817 2544 Atta?
1845 2505 1943 2547 Mihi

1768 2564 1887 2606 omni-
