2169 3047
354 200 439 255 987
699 198 1069 257 ANTIQUJT.
1110 198 1324 242 MEDII
1359 200 1520 244 AEV]

347 260 509 303 Exgerrus
546 256 664 306 (quod
701 258 864 305 opinatus
900 260 945 294 est
977 260 1057 294 Me·
1100 260 1139 294 A'

346 307 496 356 magius)
517 308 722 344 descendisse
743 309 830 344 hanc
851 323 972 345 vocem
996 322 1057 357 pu-

345 365 406 393 to.
444 359 556 394 Aliud
585 359 629 395 est
656 359 750 395 enim
779 362 946 407 Nugator‚
975 359 1058 395 idest

345 411 443 443 Gerra
453 423 472 452 ;
491 409 585 445 aliud
607 411 724 455 Thraso
737 438 746 453 ,
767 410 833 446 hoc
853 410 898 446 est
913 438 922 454 ‚
942 411 1056 457 §gher-

347 472 400 495 οό.
423 459 657 496 Verifimilius
678 474 695 496 e
718 464 837 504 Scara,
862 460 1056 510 significan-

347 518 384 545 te
419 512 533 546 Aciem
569 511 755 555 militum,
792 524 863 546 vox
901 511 1056 547 emersit.

348 562 450 606 Quos
471 574 561 596 nune
584 561 799 608 appellamus
820 562 970 608 Sgberri,
999 575 1058 597 ve·
1083 539 1087 619 Ι

348 621 438 647 teres
466 611 585 646 dixere
611 615 781 647 Scammos.
812 613 933 648 Petrus
966 614 1058 647 Aza—
1083 623 1087 666 ι

349 662 420 697 rius
456 662 491 696 in
521 661 704 697 Chronico
733 675 808 710 pag.
836 675 922 710 413.
950 665 1058 698 Tom-

347 713 447 747 XVI.
479 713 556 747 Rer.
585 712 739 747 Italicar.
767 714 808 748 de
835 713 980 749 Comite
1018 713 1058 748 de
1107 710 1132 744 Β

347 761 474 799 Lando
502 762 585 797 haec
613 762 736 797 habet:
779 764 932 808 Universa
959 763 1060 799 Italia

347 813 449 860 ipsum
471 813 682 856 formidavit,
708 812 754 851 θ’
778 829 797 848 a
821 815 990 859 scamnis,
1018 815 1061 849 Θ

350 864 520 898 inermibus
553 865 712 911 peditibus
748 863 811 909 ipse
838 869 944 899 Comes
976 864 1059 907 allu-

349 924 403 949 tus
422 915 539 957 exstitit
553 915 742 961 suffocatus.
760 914 980 952 Mutinenses
1001 915 1060 951 ad-

351 965 419 1001 huc
448 965 611 1012 usurpant
639 966 782 1002 verbum
810 970 962 1014 Sgarrare
999 979 1061 1014 pro

343 1016 482 1067 Jafflare
515 1017 550 1061 se
585 1016 726 1061 sortem,
767 1016 835 1052 five
877 1018 981 1053 Farla
1019 1018 1062 1052 da

351 1067 503 1113 Sgherro.
533 1066 570 1101 Id
592 1067 633 1101 ab
655 1067 822 1112 Hispanis
843 1068 1061 1115 accepimus,

352 1117 479 1164 quibus
508 1120 672 1163 Exgarrar
707 1117 751 1152 est
778 1118 908 1152 Minari
933 1117 1061 1156 verbis,

350 1166 488 1211 incessu,
525 1168 620 1200 vultu
647 1166 720 1203 &ca
757 1169 842 1201 Fare
878 1168 904 1201 il
932 1171 1061 1202 Braw.

350 1216 418 1252 Uti
446 1230 464 1252 e
490 1219 587 1252 scara
615 1217 747 1263 prodiit
772 1217 922 1262 schiera,
949 1217 999 1253 ita
1027 1218 1061 1252 &

349 1268 483 1312 Sgherro
510 1266 698 1312 proceffiffe
727 1266 864 1312 potuit.

300 1318 503 1364 Sgcmbrare.
530 1314 621 1349 Vide
645 1313 744 1364 supra
768 1314 809 1349 ad
835 1314 980 1351 verbum
1005 1317 1061 1350 In-

349 1367 529 1414 gvmbrare.
686 1364 688 1370 ¹

301 1416 513 1466 Sgomentarfi
527 1443 536 1451 .
572 1419 692 1451 Cadere
717 1415 821 1451 animo
836 1441 846 1459 ‚
876 1415 1062 1457 Consterna-

323 1469 326 1473 ’
352 1469 405 1504 η’.
442 1470 641 1513 sgomentare
669 1465 776 1501 etiam
808 1476 883 1501 tum
921 1466 1063 1512 asma,

351 1528 430 1555 tum
453 1518 572 1553 neutra
598 1515 852 1565 fignificatione
872 1517 1064 1572 reperitur.

353 1570 547 1616 sgomentire
566 1580 705 1616 quoque
726 1566 900 1603 familiare
920 1567 964 1603 est
982 1570 1062 1604 Mu-

353 1618 566 1655 tinenfibus.
602 1617 799 1654 Abin-usam
829 1618 927 1654 verbi
954 1619 1065 1667 origi-
1112 1620 1146 1655 D

352 1683 433 1706 nem
451 1669 588 1705 fortasse
608 1668 796 1718 Menagius
816 1668 936 1710 senfit,
957 1683 1064 1717 quum

353 1720 447 1757 nihil
475 1720 516 1756 de
544 1719 610 1755 illo
648 1719 790 1756 habeat.
826 1721 925 1768 Ego,
956 1721 1066 1756 donee

352 1784 439 1807 ‘vero
477 1770 639 1819 propiora
666 1770 823 1807 adferant
859 1771 945 1814 alii,
983 1784 1066 1806 con-

355 1822 524 1872 jeE‘turam
553 1834 688 1860 meam.
716 1821 979 1870 qualiscumque
1009 1822 1067 1862 fit,
1092 1845 1096 1854 .

355 1885 570 1920 proponam.
609 1875 752 1912 Mentem
787 1872 825 1909 in
863 1872 929 1908 hoc
962 1874 1067 1908 verbo

355 1935 461 1958 nemo
488 1937 559 1959 non
589 1923 716 1959 sentit.
755 1923 1003 1972 Inquirendum
1037 1923 1068 1959 i-

357 1972 480 2022 gitur,
518 1987 560 2009 an
598 1988 640 2010 ex
670 1975 882 2009 Commentari
918 1974 1067 2010 Latino-

357 2036 435 2060 rum
455 2023 619 2071 prodiisse
637 2025 792 2070 potuerit
808 2025 972 2061 Italicum
991 2028 1068 2071 Ego-

357 2083 517 2116 mentam,
539 2072 625 2109 ficut
645 2074 687 2108 ab
709 2077 867 2110 Ementiri
888 2075 985 2111 venit
1006 2088 1069 2110 no·
1096 2077 1099 2126 ᾗ

357 2124 413 2160 bis
433 2123 609 2159 Smentire.
638 2125 776 2171 Nempe
796 2127 1006 2160 commentari
1028 2125 1072 2160 est
1096 2145 1100 2196 Ι

359 2177 439 2209 Cum
469 2176 580 2207 Mente
611 2173 671 2218 sua
706 2175 859 2213 volvere,
897 2184 956 2209 aut
994 2176 1100 2222 inire,

359 2223 486 2264 consilia
504 2250 514 2267 ‚
544 2224 727 2260 Meditari,
764 2224 901 2260 Addito
938 2238 956 2260 a
990 2225 1072 2261 Ma-
1096 2227 1100 2259 l

358 2274 492 2324 joribus
520 2273 644 2310 nostris
671 2277 748 2317 Ex,
779 2275 870 2322 quod
900 2275 1072 2324 privatio·
1096 2263 1101 2332 l

357 2337 437 2361 nem
466 2323 628 2368 inducit,
657 2333 847 2373 potuerunt
871 2335 1004 2361 veteres
1033 2325 1072 2361 si—
1096 2335 1100 2374 Ι

359 2374 527 2424 gnificare
555 2374 732 2411 afflionem
761 2376 886 2416 illius,
915 2376 976 2423 qui
1005 2375 1073 2411 im-

359 2424 503 2474 proviso
549 2424 670 2472 aliquo
717 2434 847 2461 terrore
866 2453 878 2471 ,
925 2426 1073 2474 impedi-

363 2485 485 2511 mento
500 2503 510 2519 ‚
529 2474 749 2521 infortunio,
775 2486 972 2525 correptus,
992 2490 1074 2512 con-

364 2526 531 2567 sternatur
568 2525 710 2569 animo,
739 2540 810 2577 quo
845 2535 1003 2578 tempore
1032 2541 1075 2567 ex

1117 2037 1156 2107 El

1216 259 1290 308 ejus
1326 268 1442 295 mente
1473 260 1734 310 cogitationes,
1773 220 1815 297 e9x
1853 263 1923 310 ejus

1216 323 1276 345 ore
1313 311 1416 346 verba
1452 313 1599 348 cadunt.
1642 314 1738 354 Resia
1777 314 1923 356 confuso,

1215 359 1407 402 sbalordito,
1427 361 1578 405 flordito.
1608 364 1672 399 Nil
1701 364 1921 400 tolerabilius

1217 410 1380 447 haffienus
1408 412 1498 448 mihi
1525 413 1698 449 occurrit.

1165 464 1302 509 Sgurare
1316 489 1324 498 .
1362 465 1560 510 Argentum
1579 488 1588 505 ‚
1627 465 1698 497 Aes
1711 469 1724 505 ‚'
1757 467 1900 500 Ferrum
1914 489 1924 504 ‚

1218 521 1276 548 aut
1304 512 1388 547 alias
1416 525 1468 547 res
1495 521 1652 560 tergere,
1680 511 1718 548 ἃ
1747 513 1784 548 in
1813 514 1926 560 splen-

1217 563 1334 598 dorem
1362 562 1460 597 dare.
1486 562 1644 598 Feri-ario
1669 563 1926 610 Exaeruginare,

1218 622 1278 648 aut
1310 613 1475 647 excoriare
1503 613 1676 660 originem
1708 612 1790 649 huic
1822 614 1927 649 verbo

1219 662 1408 711 praebuisse
1445 663 1650 699 creduntur.
1690 664 1796 699 Reae
1824 677 1930 701 exco-

1219 713 1371 762 gitatum
1401 713 1443 748 ab
1473 714 1678 759 Exscoriare,
1715 728 1839 762 nempe
1868 715 1928 748 tol-

1219 765 1280 798 lere
1317 763 1474 799 scoriam.
1511 763 1648 800 Contra
1686 764 1874 814 Menagius
1912 777 1930 800 a

1221 814 1356 850 Latino
1380 817 1537 851 Excurare
1564 815 1729 856 deduxit,
1757 829 1864 864 quum
1893 829 1930 851 a·

1223 865 1291 913 pud
1321 865 1478 900 Faustum
1507 866 1708 914 Rejensem,
1734 875 1773 902 ut
1801 866 1830 901 is
1859 866 1929 905 ait,

1223 924 1382 951 occurrat
1410 918 1566 951 Excurare
1590 916 1784 963 rubiginem.
1809 918 1855 951 Et
1882 916 1933 951 fa-

1223 978 1266 1002 ne
1294 966 1404 1001 adbuc
1432 967 1468 1002 in
1497 968 1635 1003 Gallica
1664 967 1803 1016 Lingua
1838 966 1934 1002 usur—

1224 1026 1325 1065 patur
1352 1017 1483 1060 Escurer
1509 1018 1625 1053 efidem
1658 1017 1932 1066 fignificatione,

1223 1080 1292 1115 qua
1317 1068 1466 1103 nostrum
1488 1072 1643 1116 Sgurare.
1671 1068 1832 1105 Nostrum
1846 1092 1856 1108 ,
1876 1067 1934 1102 in-

1224 1116 1328 1164 quam
1347 1144 1358 1161 ,
1394 1131 1473 1153 nam
1502 1119 1560 1153 etsi
1590 1119 1627 1154 in
1656 1117 1932 1154 Vocabularium

1225 1166 1471 1202 Florentinum
1509 1168 1620 1202 inlata
1650 1169 1797 1203 minime
1829 1168 1959 1203 fuerit·

1225 1229 1297 1252 vox
1325 1216 1410 1259 ista,
1439 1216 1480 1251 ad
1508 1216 1669 1252 Italicam
1699 1226 1815 1253 tamen
1844 1217 1936 1253 Lin-

1226 1278 1330 1311 guam
1369 1265 1530 1310 speeiat,
1565 1267 1599 1299 8<
1637 1267 1681 1300 est
1716 1266 1935 1302 ufitatiffima

1227 1313 1320 1348 inter
1348 1313 1586 1348 Lombardos.
1614 1314 1676 1349 Sed
1702 1327 1744 1350 ne
1773 1314 1938 1364 Menagii

1229 1362 1369 1411 quidem
1409 1362 1600 1400 sententiae
1627 1364 1934 1411 acquiescendum„

1229 1413 1335 1462 Apud
1365 1413 1522 1449 Faustum
1553 1414 1730 1462 Rejensem
1765 1415 1801 1452 in
1830 1415 1937 1458 editis

1229 1465 1359 1513 legitur
1387 1465 1519 1500 Excutit
1545 1465 1742 1514 rubiginem,
1778 1480 1848 1502 non
1875 1479 1939 1502 ve-

1230 1519 1269 1551 ι·ὸ
1292 1518 1452 1553 lix-urat.
1482 1516 1640 1561 Deinde,
1660 1517 1752 1565 quod
1775 1519 1849 1566 plus
1870 1517 1937 1563 est,

1229 1566 1420 1602 Germania
1449 1568 1590 1603 verbum
1625 1568 1748 1613 habet,
1777 1568 1937 1616 illudque

1231 1617 1409 1665 proprium
1425 1645 1433 1660 ‚
1459 1617 1512 1654 uti
1540 1618 1698 1659 videtur,
1719 1633 1758 1654 ac
1787 1619 1938 1668 priscum

1230 1667 1307 1703 suae
1336 1668 1517 1717 Linguae,
1545 1669 1634 1705 unde
1663 1679 1781 1706 natum
1812 1669 1938 1718 opina—

1229 1718 1260 1754 ri
1296 1719 1382 1754 licet
1411 1720 1572 1755 Italicum
1601 1724 1761 1768 Sgurare.
1799 1720 1939 1761 Videli-

1229 1777 1284 1804 cet
1311 1769 1389 1817 ipfis
1426 1769 1470 1804 est
1497 1772 1652 1815 Scburen,
1690 1770 1758 1806 slve
1784 1771 1938 1805 Saheuren

1234 1832 1297 1868 pro
1326 1819 1500 1865 Expolire‚
1530 1824 1685 1866 Tergere,
1715 1822 1866 1856 Nitidum
1893 1821 1943 1865 ef-

1225 1870 1344 1916 ficere.
1382 1870 1466 1906 lnde
1500 1871 1606 1906 etiam
1638 1872 1749 1920 Angli
1787 1871 1940 1907 mutuati

1235 1921 1330 1956 fuere
1367 1920 1460 1956 suum
1500 1932 1531 1955 to
1566 1927 1681 1965 Scour,
1720 1922 1775 1957 vel
1804 1925 1940 1966 Scowr,

1234 1973 1290 2007 cui
1320 1971 1365 2006 est
1393 1970 1554 2019 ipfiffima
1583 1971 1811 2020 significatio.
1840 1974 1942 2018 Quae

1232 2023 1337 2058 verba
1360 2021 1383 2057 fi
1404 2028 1444 2057 ad
1467 2022 1625 2058 Italicam
1649 2023 1823 2072 Linguam
1847 2033 1944 2059 tran·

1232 2072 1362 2114 sferas,
1405 2072 1552 2109 reddunt
1588 2076 1717 2111 Scurare
1733 2101 1742 2115 ,
1779 2077 1941 2121 Sgurare2

1233 2124 1284 2160 ita
1311 2124 1600 2171 pronuntiatum,
1621 2133 1658 2159 ut
1683 2124 1867 2160 discrimen
1891 2125 1942 2161 es-

1234 2174 1282 2209 set
1321 2176 1413 2209 inter
1449 2178 1604 2221 Scware²
1641 2175 1723 2210 idest
1753 2177 1943 2221 0²>lcur4re9

1233 2235 1336 2272 atque
1360 2226 1530 2272 Expolire.
1558 2227 1718 2270 Quenam
1745 2230 1826 2262 vero
1849 2240 1944 2274 prae-

1232 2275 1370 2311 ferenda
1399 2275 1439 2310 sit
1466 2289 1508 2312 ex
1543 2276 1635 2311 hisce
1665 2275 1868 2316 sententiis,
1897 2279 1944 2311 E-

1232 2326 1432 2362 ruditorum
1473 2326 1643 2374 judicium
1683 2326 1780 2362 esto.
1820 2329 1941 2371 Neque

1232 2377 1326 2411 enim
1370 2376 1479 2411 audeo
1520 2377 1562 2412 ab
1599 2378 1808 2422 ,Ea-obscurare
1841 2375 1939 2411 vocis

1234 2426 1336 2474 hujus
1364 2427 1537 2474 originem
1570 2437 1703 2474 petere.

1181 2476 1279 2520 Sino,
1319 2478 1441 2518 Infino.
1482 2479 1598 2524 Usque.
1638 2479 1729 2515 Idem
1769 2472 1939 2523 fignificat

1233 2529 1318 2565 Fine
1345 2526 1382 2565 ὃς
1410 2527 1542 2573 Infine.÷
1576 2528 1609 2560 ὃ(
1638 2524 1700 2560 vix
1736 2525 1806 2559 ulla
1836 2524 1937 2561 dubi=

1794 2582 1873 2611 tan-
