2169 3047
371 220 457 261 995
717 203 953 261 ANTIQ

369 265 438 313 pud
468 276 530 299 nos
558 263 778 300 Lombardos
806 265 1002 310 Parpaglie‚
1039 260 1077 296 fi·
1113 262 1147 297 A

368 327 414 350 ve
449 315 590 360 Parpaie
621 314 745 363 (quod
783 314 876 350 idem
914 312 990 361 est)
1018 326 1078 347 no-

369 378 452 402 men
472 366 646 402 retinent.
671 365 876 413 Papilionum
901 363 1081 412 proprium

369 429 493 452 ornnes
533 426 664 453 norunt
705 429 775 452 non
821 414 918 452 regio
960 415 1082 450 volatu

370 467 554 512 incedere,
591 467 646 502 sed
675 467 742 503 huc
770 465 808 503 &
836 466 946 509 illuc,
983 467 1017 501 8(
1046 465 1082 500 in

371 531 514 554 omnem
537 526 669 566 partem
693 531 752 565 per
769 522 843 551 ae'ra
865 515 969 551 ferri.
987 516 1082 551 Hinc

371 569 512 608 nescio,
544 582 586 603 an
615 566 778 617 suspicari
806 567 913 602 liceat
941 575 1082 602 enatum

372 620 627 666 Sparpagliare,
671 631 778 667 quum
816 630 941 664 nempe
982 618 1082 661 Papi-

371 671 492 704 lionum
534 683 630 704 more
676 668 811 716 aliquid
854 667 1083 717 dispergimus

371 720 441 755 huc
468 720 503 754 ὃ(
531 720 639 755 illuc.
671 721 778 754 Porro
800 718 976 754 incertum
997 731 1083 766 quo·
1126 718 1152 751 B

372 783 442 818 que
468 770 539 816 est,
577 783 660 806 num
700 770 783 805 Itali
821 783 840 805 a
876 768 1014 813 Gallis,
1042 782 1084 805 an

373 820 474 857 Galli
502 822 543 856 ab
571 821 673 857 Italis
705 834 827 856 vocem
868 820 957 855 hanc
993 819 1085 855 didi—

374 871 509 908 cerint:
551 886 630 907 nam
669 872 777 908 etiam
814 871 930 907 Gallis
967 870 1011 907 est
1038 874 1086 905 Ε-

369 923 563 969 Jparpiller‚
591 924 624 958 δε
654 922 822 972 Hispanis
850 921 1087 968 Desparpaz'ar.

374 973 652 1010 Bononiensibus
680 973 717 1010 in
746 973 806 1010 usu
834 973 880 1009 est
910 972 1089 1020 sparpaia-

375 1038 427 1060 ve.
455 1024 677 1061 Mutinenses
704 1038 829 1061 vocem
858 1032 1089 1072 corruperunt

375 1075 526 1111 dicendo
553 1079 795 1123 Spargagnare‚
823 1075 886 1124 qui
914 1084 1088 1123 praeterea

376 1139 396 1161 a
436 1129 560 1173 spargo
601 1135 784 1163 traxerunt
823 1127 972 1161 alterurn
1012 1138 1088 1160 ver-

375 1177 461 1211 bum
487 1200 498 1215 ‚
540 1176 624 1211 idest
663 1176 857 1223 Sparguiare
882 1202 892 1216 ,
934 1174 1090 1210 diversae
1120 1170 1165 1210 C!

375 1226 520 1275 quidem
548 1225 727 1275 originis,
764 1225 821 1262 sed
859 1224 1011 1274 ejusdem
1048 1225 1090 1260 Γι-
1162 1212 1166 1246 ¹

375 1275 618 1324 gnificationis
631 1302 639 1310 .

325 1331 510 1375 spazzare.
540 1327 663 1359 Verrere
677 1348 688 1363 ‚
716 1327 896 1359 Everrere.
934 1323 970 1360 Si
1008 1325 1090 1357 Fer-

374 1376 486 1413 rarius
513 1376 548 1410 &
576 1374 764 1424 Menagius
792 1374 870 1411 heic
899 1372 1089 1418 audiendi,

375 1428 523 1463 verbum
569 1425 656 1461 istud
699 1439 718 1461 e
758 1426 909 1470 Spatium
955 1424 1090 1462 Latino

375 1476 616 1514 deducendum
645 1476 708 1512 est.
738 1476 898 1512 Difficile
925 1477 1062 1512 credam
1079 1501 1088 1511 .

374 1531 454 1574 At,
493 1527 685 1575 inquiunt,
721 1530 850 1574 spazzo
887 1541 949 1575 pro
984 1527 1089 1562 Pavi-

375 1589 513 1614 mentum
548 1579 584 1614 &
622 1577 684 1626 ipfi
721 1578 828 1614 nostri
865 1578 1023 1628 Major-es
1052 1591 1090 1614 u-

375 1630 580 1679 sut-parumn¹
609 1630 664 1665 Ita
691 1642 832 1678 quoque
853 1629 971 1666 locum
994 1631 1089 1665 Dan·
1125 1624 1158 1658 ἶ)

374 1681 424 1717 tis
457 1682 563 1717 Cant.
605 1691 661 1727 14.
697 1680 828 1717 Infern.
865 1680 1091 1730 interpretati

374 1731 456 1768 sunt
482 1730 693 1767 Academici
729 1732 818 1768 della
853 1731 994 1777 Crusca.
1031 1732 1089 1768 In-

374 1781 456 1831 quit
483 1784 617 1821 nantes
636 1795 645 1821 z

425 1888 476 1921 Lo
500 1888 631 1933 spazzo
664 1897 719 1921 era
754 1898 820 1922 una
855 1896 932 1922 cena
956 1885 1051 1922 arida
1077 1900 1093 1920 c

473 1935 576 1983 speffa
586 1963 596 1974 ·

377 2039 512 2074 Verum
547 2041 676 2085 spazzo
710 2039 763 2075 ibi
810 2052 881 2075 non
918 2039 1090 2074 Pavimen-

374 2097 468 2128 tum,
496 2086 552 2123 sed
578 2089 727 2132 Spatium
745 2113 755 2127 ,
792 2089 861 2126 five
887 2094 1002 2130 Area,
1030 2103 1089 2124 ex·
1127 2081 1157 2116 E

374 2138 524 2186 ponitur
575 2139 617 2175 ab
673 2138 914 2186 antiquiffimo
962 2140 1090 2176 Dantis

373 2190 595 2234 Interprete,
624 2190 852 2226 Benevenuto
880 2190 921 2225 de
950 2192 1062 2226 Imola
1079 2219 1090 2236 ‚

376 2238 440 2286 qui
469 2237 592 2273 scribit
629 2239 667 2272 in
695 2240 972 2276 Commentariis
1000 2254 1089 2277 non·
1165 2251 1169 2318 Ι

376 2289 462 2324 dum
499 2288 625 2325 editis:
665 2291 713 2323 Lo
749 2293 899 2336 spaza,
935 2293 988 2326 hoc
1023 2293 1089 2334 cst,

376 2349 445 2375 tota
470 2339 624 2385 planities
644 2339 813 2384 spatiosa,
849 2355 927 2387 quae
954 2342 1087 2376 contine-

376 2399 432 2425 ταν
458 2390 546 2425 intra
572 2389 663 2431 istum
691 2390 858 2426 circulum.
887 2392 1014 2428 Rursus
1038 2394 1088 2430 ait

376 2441 513 2478 Dantes
540 2441 646 2477 Cana
675 2452 734 2489 23.
765 2443 961 2490 Purgatoro

378 2544 409 2582 Ε
436 2555 495 2578 non
521 2543 591 2590 pur-³
608 2556 673 2580 ama
698 2544 788 2583 volta
813 2543 914 2593 questo
938 2547 1086 2593 spazzm

963 201 1090 245 UJT.
1130 200 1341 245 MEDJJ
1377 201 1537 246 ARV]
1807 210 1897 259 996

1242 262 1487 298 Benevenutus
1514 261 1635 298 addit:
1661 261 1776 310 Questo
1801 267 1956 308 spaza,

1245 312 1344 357 idest,
1373 313 1431 356 ista
1458 313 1704 349 Deambulatio.
1740 316 1794 350 At
1830 326 1955 361 quam-

1244 363 1300 399 vis
1341 365 1563 399 Pavimentum
1605 363 1843 413 significaret,
1885 376 1957 399 non

1245 414 1380 451 idcirco
1407 416 1565 452 nativam
1595 415 1693 450 verbi
1720 419 1887 462 spazzare
1916 413 1957 448 fi-

1245 465 1511 514 gnificationem
1540 463 1622 499 inde
1650 465 1874 512 colligimus.
1903 466 1956 500 A·

1245 516 1319 552 liud
1349 516 1393 552 est
1420 515 1672 554 pavimentum,
1710 515 1805 550 aliud
1842 515 1955 551 sordes

1246 580 1382 602 everrere
1409 579 1427 601 e
1456 564 1688 601 Pavimento.
1726 566 1778 600 At
1815 574 1854 600 tu
1882 577 1955 600 me—

1246 618 1337 653 liora
1378 616 1472 652 adfer
1498 643 1508 660 ,
1551 625 1777 665 reponentem
1822 614 1955 651 audio.

1249 667 1354 704 Nihil
1377 666 1467 702 mihi
1492 666 1679 703 succurrit.
1706 665 1847 702 Eruditi
1869 665 1958 700 dun--

1248 726 1348 754 taxat
1389 717 1558 754 Germani
1598 717 1835 767 perpendant,
1873 729 1954 751 num

1247 782 1368 805 eorum
1396 773 1543 815 Puram,
1571 767 1766 817 significans
1793 771 1957 814 Purgare‚

1248 823 1438 865 Mundae,
1477 820 1643 857 converso
1682 823 1718 855 U.
1755 819 1793 855 in
1820 822 1870 855 A.
1898 819 1960 853 de-

1248 870 1332 906 disse
1353 871 1454 906 nobis
1477 871 1631 917 potuerit
1650 874 1837 917 spazzan,
1865 868 1957 916 quod

1249 921 1380 957 facium
1417 921 1553 961 fuisset,
1583 921 1604 956 sl
1641 922 1679 958 in
1707 921 1788 956 aliis
1816 922 1960 967 Septen-

1248 972 1457 1009 trionalium
1509 973 1729 1022 Linguarum
1785 970 1959 1007 Dialeffis

1250 1037 1312 1071 pro
1342 1028 1466 1071 Putzen
1494 1024 1627 1060 dietum
1666 1022 1781 1059 fuisset
1808 1026 1932 1067 Patzcn
1950 1047 1959 1054 .

1249 1074 1344 1110 Infra
1375 1076 1519 1122 Dumpff
1546 1077 1580 1111 8<
1620 1075 1764 1121 Dampff.
1800 1081 1960 1109 occurret

1249 1126 1290 1160 ad
1319 1127 1529 1161 vocabulum
1559 1127 1686 1170 Tanfo.
1730 1123 1849 1160 Facile
1876 1125 1960 1158 vero

1248 1175 1390 1223 Lingua
1430 1175 1542 1210 nostra
1581 1179 1616 1209 S.
1659 1175 1800 1209 initiale
1836 1173 1960 1208 addere

1248 1226 1443 1274 potuisset,
1479 1225 1593 1260 immo
1620 1225 1654 1259 8<
1684 1227 1721 1258 U.
1750 1224 1787 1259 in
1815 1226 1864 1258 A.
1891 1222 1962 1257 im-

1248 1283 1405 1311 mutare,
1434 1282 1473 1307 ut
1501 1274 1568 1306 hoc
1597 1273 1741 1306 verbum
1770 1273 1961 1319 distingue-

1249 1331 1303 1357 ret
1329 1335 1349 1358 a
1375 1325 1545 1366 Fuzzare.
1571 1320 1664 1356 Vide
1685 1333 1848 1368 quoque,
1876 1333 1960 1355 num

1247 1376 1413 1420 ἔραζ’-(αντ
1441 1371 1480 1409 ὅ(
1506 1371 1690 1416 spaniam,
1718 1371 1868 1419 ejusdem
1891 1370 1964 1406 for-

1249 1425 1285 1459 τὲ
1313 1423 1446 1459 fuerint
1472 1423 1645 1472 originis,
1674 1421 1711 1459 &
1738 1421 1878 1458 consule
1906 1421 1962 1457 su-

1248 1488 1309 1524 pra
1338 1487 1460 1511 vocem
1498 1475 1673 1521 Impaccio.
1712 1476 1752 1509 In
1789 1472 1962 1509 Concilio

1248 1524 1467 1562 Triburienfi
1496 1526 1605 1561 Anno
1640 1524 1769 1561 Christi
1808 1526 1963 1561 DCCC-

1249 1579 1347 1613 XXI.
1387 1577 1553 1626 legitur:
1596 1578 1635 1611 Si
1674 1577 1841 1617 Presbyter
1881 1576 1962 1610 male

1248 1629 1406 1665 traHatus
1430 1627 1549 1673 fuerit,
1577 1629 1621 1661 (9'
1639 1626 1857 1675 Spaffaverit.
1886 1627 1961 1662 Du-

1248 1679 1406 1730 Cangius
1441 1677 1587 1728 Spaffare
1622 1692 1684 1728 pro
1721 1679 1815 1713 Male
1844 1678 1962 1722 accipe-

1248 1745 1281 1766 re
1300 1759 1310 1775 ‚
1354 1730 1547 1778 Castigare,
1591 1729 1841 1779 interpretatus
1891 1727 1960 1765 est.

1249 1782 1314 1821 Sed
1350 1781 1443 1816 nihil
1481 1780 1577 1817 aliud
1614 1781 1665 1816 ibi
1693 1779 1858 1827 Spaffare‚
1895 1778 1959 1815 nifi

1248 1832 1469 1878 Convalescerc
1498 1859 1508 1878 ,
1554 1839 1593 1866 ut
1636 1829 1879 1867 antecedentia
1919 1843 1960 1866 o-

1248 1883 1433 1920 stendunt.

1197 1938 1372 1983 Spengwe,
1400 1937 1574 1982 Spe-gnere.
1601 1933 1798 1980 Extinguere
1824 1932 1960 1969 Tusco-

1248 1999 1326 2022 rum
1355 1986 1500 2021 verburn
1529 1986 1599 2026 est,
1636 1999 1654 2021 a
1682 1984 1894 2021 Lombardis
1922 1983 1960 2019 in

1248 2037 1427 2085 loquendo
1455 2035 1605 2074 minime
1633 2035 1835 2084 usurpatum
1855 2062 1863 2071 .
1901 2036 1960 2071 Ab

1247 2088 1426 2134 Extingo,
1483 2096 1542 2124 aut
1583 2102 1601 2124 a
1639 2089 1777 2134 stinguo
1817 2095 1960 2122 enatum

1249 2138 1347 2174 fuisse
1389 2137 1504 2174 censet
1546 2138 1760 2187 Menagius.
1804 2137 1960 2173 Facilius

1249 2189 1415 2237 quadrata
1444 2190 1603 2226 rotundis
1629 2200 1744 2238 aptes.
1773 2187 1959 2238 Originem

1249 2240 1348 2276 vocis
1376 2239 1494 2276 frustra
1521 2239 1696 2289 quaesivi.
1725 2240 1812 2286 Ejus
1840 2249 1959 2274 tamen

1249 2290 1433 2339 vestigium
1463 2291 1606 2339 aliquod
1635 2305 1677 2328 an
1714 2291 1805 2326 forte
1842 2289 1957 2326 subol-

1249 2341 1391 2377 fecerim
1411 2368 1420 2384 ‚
1457 2342 1664 2390 judicabunt
1692 2341 1857 2378 Eruditi.
1886 2341 1958 2375 Ne-

1248 2405 1315 2440 que
1343 2393 1438 2427 enim
1467 2392 1557 2428 mihi
1585 2394 1731 2434 tribuo,
1761 2404 1831 2428 rem
1860 2391 1956 2423 cerr&

1248 2441 1423 2491 tetigiffe.
1455 2444 1490 2479 Si
1520 2444 1665 2480 Italicae
1691 2446 1850 2488 Linguae
1878 2452 1955 2474 mo-

1247 2506 1322 2530 rem
1358 2492 1633 2534 confideramus,
1668 2492 1816 2527 nostrum
1853 2492 1955 2536 Spem-

1246 2558 1318 2592 gere
1359 2545 1524 2585 manasset
1563 2545 1605 2578 ab
1645 2544 1819 2590 Expengo‚
1860 2542 1955 2591 quod

1822 2606 1901 2631 vcr-
