2169 3047
403 215 487 257 459

754 196 1128 255 ANTIQUIT.
1169 193 1386 239 MEDII
1420 196 1589 240 AEVI

1844 208 1928 256 460

340 259 453 295 immo
495 257 718 295 necessarium
762 257 921 295 censuere
960 260 1106 301 Patres,
1150 259 1181 294 A
1227 265 1350 293 mutuo
1400 267 1581 307 acceptas;
1630 271 1669 294 ac
1713 259 1859 306 proinde
1887 261 1988 298 facile

339 323 396 346 eas
424 323 442 346 a
471 310 601 347 Latina
628 308 808 346 transferri
845 319 905 346 aut
944 308 981 345 in
1018 311 1106 344 Ger—

339 361 538 407 manicam,
576 370 636 398 aut
664 362 697 396 in
736 361 899 404 Rusticana
926 365 1106 395 Romanam

338 415 526 460 Linguam:
553 426 625 461 quo
652 413 797 448 nomine
825 425 929 448 nemo
958 425 1028 447 non
1050 411 1105 447 vi-

339 463 399 500 det
440 463 607 513 designari
649 465 842 512 Vulgarem
894 463 1070 512 Linguam
1095 490 1105 506 ,

338 527 427 562 quae
456 516 524 563 jam
553 524 629 550 tum
658 515 695 550 in
723 514 842 549 Gallia
870 528 888 549 a
910 515 1040 562 populo
1068 513 1104 548 in

339 566 551 613 quotidiano
566 565 722 600 sermone
738 564 964 613 usurpabatur
976 591 983 599 .
1005 566 1103 599 Non-

339 617 421 651 dum
473 615 631 652 extinSla
675 615 814 663 penitus
855 623 928 650 erat
975 615 1104 651 Latina

337 666 504 715 Lingua,
542 665 596 702 sed
637 679 713 702 eam
755 664 888 711 difficile
916 665 998 700 rude
1027 666 1103 700 vul-

337 730 402 766 gus
438 716 685 767 intelligebat,
728 725 832 765 atque
868 730 910 752 eo
939 729 1103 763 pervene—

337 777 415 809 rat,
451 777 491 804 ut
527 769 695 812 transferre
735 767 864 803 neceffe
906 767 988 802 esset
1030 767 1103 814 ejus

335 819 430 855 sensa
458 819 496 855 in
524 819 701 868 Linguam
732 820 838 867 vulgo
860 827 1000 854 notam.
1029 822 1102 852 Ru-

331 870 444 914 sticum
473 880 588 906 autem
618 870 841 919 appellabant
877 870 975 905 Galli
1014 869 1103 904 Vul—

337 934 456 972 garem
494 921 588 957 suam
630 921 831 970 Linguam,
881 934 925 956 ex
972 920 1104 957 Latina

338 973 502 1021 corrupta
542 982 701 1008 enatam.
745 972 840 1007 Idem
875 984 1017 1019 quoque
1062 971 1104 1006 de

336 1025 466 1060 Italica
503 1023 634 1059 sagium
676 1022 831 1059 indicare
875 1023 1007 1070 poterit
1034 1023 1103 1057 Bo-

337 1074 464 1110 bienfis
485 1074 705 1117 Monachus,
731 1074 792 1121 qui
821 1072 996 1108 Miracula
1020 1075 1102 1107 San-

338 1125 390 1161 &i
418 1124 635 1161 Columbani
664 1123 815 1159 Abbatis
843 1122 985 1158 circiter
1027 1125 1104 1157 An—

338 1189 423 1211 num
453 1186 536 1223 950ι
568 1174 682 1211 literis
711 1173 924 1212 mandabat,
962 1172 1057 1208 edita
1086 1186 1103 1208 a
1145 1179 1191 1224 C,

337 1227 482 1262 Clariss.
524 1225 742 1261 Mabillonio
782 1224 820 1260 in
862 1223 942 1259 Αξὶ.
988 1223 1101 1259 San&

336 1276 558 1313 Benediffiin.
586 1278 678 1312 Saec.
701 1288 733 1311 2.
758 1287 832 1323 pag.
853 1286 912 1319 41.
935 1273 1099 1309 Montem

337 1328 454 1364 Bobio
496 1328 697 1377 proximum
740 1326 803 1361 ille
839 1324 1004 1359 describit
1047 1325 1100 1359 his

336 1379 479 1415 verbis:
519 1379 617 1414 Alter
654 1380 748 1415 verb,
789 1376 844 1421 qui
879 1375 920 1415 es}
955 1377 998 1408 acl
1033 1375 1099 1409 lae—

336 1438 440 1474 vam,
469 1438 666 1475 nuncupatur
692 1427 824 1467 Rustica
846 1426 974 1470 Lingua
998 1427 1097 1470 Grap-

331 1481 495 1528 poaltum.
542 1479 702 1514 Italicam
743 1488 863 1510 vocem
916 1474 1018 1509 habes
1061 1476 1097 1510 in

334 1534 465 1578 Groppo-
478 1531 566 1566 alto.
596 1528 690 1563 Idem
719 1528 807 1574 Cap.
840 1538 898 1573 27.
928 1526 1093 1568 ferramen-

331 1592 400 1616 tum
427 1580 611 1619 nominat,
648 1581 729 1625 quod
759 1579 857 1623 vulgo
887 1578 1098 1611 IWanuariam

332 1643 478 1675 vocam,
518 1630 584 1666 hoc
627 1629 671 1665 est
714 1628 890 1669 securim,
934 1627 1002 1663 slve
1043 1628 1092 1663 bi—

332 1695 480 1731 pennem
498 1708 507 1717 .
549 1680 664 1717 Restat
692 1680 803 1715 adhuc
832 1692 901 1714 vox
932 1678 1098 1721 Mannaja

332 1733 421 1780 apud
449 1731 605 1774 Tuscos,
644 1732 732 1779 apud
777 1744 838 1766 nos
878 1730 1096 1766 Lombardos

330 1787 496 1819 Manara.
525 1783 588 1818 Sed
616 1781 754 1818 fortasse
782 1782 833 1817 nil
871 1781 966 1816 aliud
1005 1781 1096 1816 Scri-

332 1844 412 1884 ptor
439 1834 499 1869 iste
527 1832 724 1882 fignificat,
765 1832 826 1867 nisi
870 1834 1046 1878 Llnguam
1078 1845 1095 1867 a

329 1885 465 1921 rusticis
494 1883 712 1931 usurpatam,
750 1896 838 1930 quae
875 1883 994 1917 eadem
1023 1883 1092 1917 sor-

331 1936 413 1972 taffe
436 1934 565 1979 fuerit,
593 1944 697 1982 atque
718 1934 759 1968 ab
785 1932 935 1968 Urbanis
956 1946 994 1967 ac
1017 1935 1094 1969 No-

329 1987 460 2023 bilibus
490 1985 672 2034 usurpata‚
702 1983 756 2021 sed
785 1983 880 2019 rudis
909 1996 987 2031 prae
1008 1982 1091 2020 illa.

328 2039 502 2073 Attamen
557 2049 627 2072 non
684 2034 986 2084 praetermittam,
1038 2047 1092 2070 me

329 2087 633 2131 animadvertisse,
675 2087 732 2122 vel
774 2100 792 2121 a
829 2084 973 2121 Graecis
1001 2084 1091 2121 infe·

327 2139 430 2174 rioris
468 2139 544 2174 aevi
583 2137 778 2172 adhibitam
821 2135 919 2171 fuisse
967 2149 1089 2171 vocem

326 2192 492 2224 Manara.
518 2189 663 2223 Nicetas
684 2187 900 2226 choniates,
921 2185 982 2234 qui
1008 2186 1089 2222 circ.

328 2242 472 2275 Annum
496 2238 566 2273 Ch.
592 2249 697 2274 1200.
726 2236 894 2280 florebat,
914 2243 957 2273 τὰς
974 2243 1092 2279 umam

325 2290 363 2326 in
400 2289 609 2326 Andronico
659 2297 940 2324 commemorat.
984 2289 1088 2335 Quod

325 2340 458 2376 idcirco
475 2340 679 2375 adnotatum
704 2339 823 2378 volui,
845 2348 883 2374 ut
904 2340 964 2387 qui
981 2343 1089 2375 Grae—

325 2405 364 2427 ca
391 2391 562 2427 Gloffaria
591 2390 683 2426 tanti
712 2389 846 2424 faciunt
864 2417 872 2433 ‚
910 2404 948 2426 ac
993 2391 1088 2439 saepe

325 2442 426 2478 nobis
453 2441 668 2484 obtrudunt,
699 2440 929 2488 intelligant,
959 2443 1087 2477 multas

324 2493 375 2529 ibi
405 2506 506 2529 voces
535 2493 622 2536 effe,
652 2504 721 2527 non
749 2490 888 2538 origine
915 2493 1085 2536 Graecas,

322 2543 376 2579 sed
423 2558 465 2580 ex
516 2544 671 2587 Italico,
719 2541 839 2578 Siculo
874 2542 912 2579 in
941 2542 1085 2592 primis,

1156 727 1180 760 Εἰ,

1225 305 1325 352 falli,
1362 308 1469 356 quie
1496 309 1679 346 Gloffariis
1715 311 1859 347 Graecis
1901 314 1989 358 Ety-

1225 371 1307 394 mon
1328 368 1384 395 tot
1405 360 1607 396 Italicarum
1630 374 1756 398 vocum
1778 362 1985 407 desumunt,

1225 409 1277 445 uti
1304 409 1342 446 in
1372 411 1511 447 Differt.
1539 411 1697 460 sequenti
1725 413 1890 462 prodam.
1928 414 1987 449 Ad

1225 473 1286 496 nos
1313 461 1437 498 redeo.
1465 464 1571 508 Quod
1599 463 1699 512 supra
1728 464 1882 501 vidimus
1902 478 1988 500 con—

1224 510 1382 547 stitutum
1412 526 1474 560 pro
1501 513 1683 561 Episcopis
1724 515 1761 551 in
1790 515 1985 552 Turonensi

1224 562 1414 601 Concilio,
1443 575 1505 610 pro
1535 565 1748 610 presbyteris
1769 566 1987 602 inculcatum

1224 625 1315 647 nunc
1343 613 1422 648 audi
1452 613 1533 648 Lib.
1558 615 1621 649 VI.
1647 617 1736 663 Cap.
1768 618 1850 660 185.
1878 617 1988 664 Capi-

1223 662 1390 698 tularium
1420 665 1554 712 Regum
1584 667 1795 701 Francorum
1818 665 1987 702 editionis

1224 713 1452 750 Baluzianae.
1480 715 1600 750 Nullus
1615 715 1662 757 sit
1687 719 1852 763 Presbyter
1873 717 1887 765 (
1904 718 1988 753 idest

1224 764 1425 813 Parochus)
1452 766 1508 812 qui
1540 768 1573 800 in
1601 767 1739 809 Ecclesia
1776 769 1898 816 publice
1924 782 1986 802 non

1220 818 1325 850 doceat
1352 816 1509 863 Lingud,
1549 831 1642 863 quam
1678 819 1836 854 auditores
1863 819 1988 854 intelli-

1217 876 1324 912 gant,
1346 866 1445 910 fidem
1472 868 1691 913 omnipotentis
1718 870 1781 904 Dei
1816 870 1850 904 in
1877 870 1988 905 unita-

1220 928 1248 950 te
1275 915 1322 954 &
1349 917 1496 952 trinitate
1525 916 1712 964 fimplt‘citer
1738 921 1874 954 credere.
1912 919 1987 956 Sci-

1220 966 1305 1002 licet
1346 976 1430 1003 tunc
1482 969 1605 1016 populi
1649 969 1800 1018 Regibus
1843 970 1986 1006 Francis

1221 1017 1388 1065 subjefffi,
1417 1027 1477 1055 aut
1504 1019 1704 1056 Teutonica
1732 1020 1872 1069 Lingua
1908 1028 1985 1056 ute-

1221 1070 1366 1112 bantur,
1413 1078 1473 1104 aut
1519 1070 1694 1118 Vulgari,
1735 1085 1840 1118 quam
1883 1072 1983 1107 Galli

1219 1122 1421 1158 Romanam,
1464 1118 1502 1154 &
1539 1124 1698 1154 Romame
1727 1121 1838 1168 postea
1865 1123 1986 1170 appel-

1218 1170 1355 1204 larunt.
1396 1169 1632 1205 fontaninius
1662 1171 1829 1219 Archiep.
1860 1174 1984 1217 Ancy-

1218 1233 1319 1256 ranus
1348 1219 1386 1255 in
1416 1219 1564 1256 Praefat.
1591 1223 1633 1256 ad
1662 1221 1745 1258 Lib.
1775 1222 1816 1258 de
1855 1223 1983 1271 Eloqu.

1219 1272 1297 1306 Ital.
1349 1270 1556 1307 noviffimae
1604 1271 1773 1309 editionis
1824 1273 1983 1318 censuit,

1219 1322 1377 1367 vulgares
1406 1322 1562 1370 Linguas
1584 1323 1836 1371 Hispanicam,
1864 1325 1983 1360 Galli-

1218 1384 1316 1414 cam,
1345 1380 1448 1419 atqu‘e
1477 1372 1640 1408 Italicam
1682 1388 1788 1422 aeque
1828 1376 1983 1423 appella-

1217 1430 1269 1456 tas
1297 1421 1395 1456 fuiffe
1424 1426 1612 1467 Romanas,
1649 1425 1743 1471 quod
1780 1438 1798 1460 a
1842 1426 1983 1474 Lingua

1221 1473 1375 1507 Romana
1399 1472 1528 1508 vitiata
1549 1473 1700 1522 singulae
1716 1474 1982 1511 descenderent.

1217 1525 1262 1558 Et
1290 1522 1368 1558 sane
1396 1523 1547 1571 Hispani
1576 1529 1733 1559 Romame
1761 1525 1852 1561 suam
1893 1526 1983 1563 Lin-

1215 1587 1317 1623 guam
1349 1576 1589 1623 appellarunt.
1632 1576 1808 1612 Gallicam
1838 1577 1982 1625 quidem

1215 1624 1385 1673 ejusmodi
1415 1626 1608 1674 appellatio
1634 1628 1724 1663 olim
1754 1628 1842 1676 apud
1874 1628 1983 1664 Italos

1215 1677 1388 1725 designare
1415 1676 1620 1713 consuevit.
1651 1680 1708 1713 An
1738 1683 1820 1714 vero
1848 1680 1879 1714 8<
1911 1679 1983 1715 Ita-

1215 1728 1319 1763 licam
1339 1755 1348 1768 ,
1390 1741 1460 1762 non
1489 1729 1574 1763 adeo
1605 1738 1761 1764 certum.
1801 1732 1902 1775 Quae
1945 1729 1981 1764 in

1215 1778 1302 1813 hanc
1330 1791 1401 1813 rem
1431 1780 1591 1826 exempla
1619 1779 1862 1822 adducuntur,
1891 1780 1981 1814 Gal-

1214 1829 1320 1864 licam
1360 1829 1608 1864 tantummodo
1649 1829 1829 1865 indicant.
1872 1829 1980 1866 Alio-

1214 1880 1299 1928 quin
1342 1880 1440 1928 gravi
1483 1880 1715 1929 ambiguitate
1743 1881 1977 1921 laborassent,

1214 1932 1266 1967 uti
1295 1943 1401 1978 quum
1432 1930 1628 1966 Thesaurus
1659 1932 1821 1967 Brunetti
1851 1932 1977 1969 Latini

1213 1984 1400 2018 translatus
1420 1981 1552 2017 dicitur
1572 1983 1610 2015 de
1630 1983 1729 2017 Latin
1749 1996 1786 2016 en
1808 1987 1948 2018 Romans
1959 1998 1979 2027 ‚-

1213 2032 1415 2079 ambiguum
1443 2033 1535 2068 enim
1567 2032 1704 2077 fuisset,
1732 2047 1815 2069 num
1844 2033 1881 2069 in
1907 2034 1979 2070 Ita-

1212 2085 1317 2120 licam
1340 2111 1349 2127 ,
1378 2096 1420 2118 an
1449 2083 1485 2118 in
1514 2083 1691 2119 Gallicam
1720 2093 1780 2120 aut
1807 2084 1978 2132 Hispani-

1214 2148 1287 2171 cam
1317 2134 1493 2183 Linguam
1524 2135 1614 2170 liber
1634 2135 1819 2171 conversus
1841 2135 1977 2172 fuisset.

1215 2187 1308 2221 Idem
1347 2186 1388 2221 de
1426 2186 1550 2221 ceteris
1587 2186 1759 2233 exemplis
1787 2186 1974 2223 dicendum

1213 2237 1256 2273 est
1273 2265 1281 2272 .
1309 2239 1499 2272 Brunettus
1527 2236 1598 2285 ipse
1625 2237 1661 2273 in
1691 2236 1781 2285 Cap.
1809 2237 1837 2273 Ι.
1863 2238 1974 2273 inter-

1212 2298 1391 2337 rogantem
1432 2287 1591 2327 inducit,
1629 2302 1689 2324 cur
1725 2287 1823 2336 ipse,
1864 2300 1969 2334 quum

1214 2339 1322 2375 Italus
1361 2338 1423 2383 fit,
1466 2338 1504 2374 in
1541 2343 1689 2374 Romana
1723 2340 1779 2384 seu
1818 2338 1972 2372 Francica

1160 2407 1168 2409 ·
1212 2391 1340 2437 Lingua
1369 2389 1566 2439 scripserit:
1604 2391 1730 2437 quibus
1769 2401 1812 2423 ex
1854 2388 1969 2423 verbis

1211 2435 1407 2490 intelligis,
1436 2440 1528 2477 nihil
1555 2440 1649 2476 aliud
1671 2438 1771 2474 nobis
1792 2442 1969 2474 Romanam

1211 2492 1387 2542 Linguam
1417 2491 1514 2528 fuiffe
1531 2519 1542 2535 ‚
1569 2491 1671 2537 quam
1701 2488 1876 2524 Gallicam
1894 2516 1903 2525 .

1795 2592 1916 2640 Appo*
