2169 3047
269 226 378 269 1033

260 268 490 308 celeberrimo
520 266 578 303 illi
616 268 727 314 Viro,
754 283 793 306 ac
820 270 963 307 Oratori
1007 276 1040 310 A

259 321 460 358 tribuatur.
496 319 608 366 Cujus
643 320 694 356 rei
729 320 864 357 indicio
905 321 963 357 hic

259 371 332 419 ipse
354 371 451 404 locus
476 368 540 403 effe
564 369 693 417 potest.
718 374 842 420 Neque
867 372 962 408 enim

257 420 414 467 scriptor
454 418 532 454 aevi
570 419 755 468 Augustaei
796 422 962 468 dixisset,

256 469 411 505 Scrofam
436 470 535 515 vulgo
556 472 666 505 Italice
689 473 862 519 Latineque
884 477 962 508 Tro-

254 519 324 564 iam
351 520 538 567 appellari.
564 521 600 556 Si
627 521 721 556 enim
745 523 867 558 Latina
891 537 961 559 vox

258 583 297 605 ea
334 569 425 614 fuit,
453 583 514 605 cur
548 571 694 606 Italicam
729 585 868 620 quoque
903 588 962 622 ap-

255 619 445 668 pellasset?
494 622 834 670 praeterquamquod
881 624 962 660 dum

255 669 390 718 spurius
425 670 488 706 ille
523 672 667 708 Messala
705 674 858 722 Vergilii
887 688 962 710 ver—

257 721 320 764 ba,
348 733 472 768 nempe
507 735 654 769 armaque
681 723 763 767 fixit
798 723 915 770 Troja,
943 738 961 760 a

255 771 437 807 nonnullis
465 772 640 819 explicata
667 773 718 808 ait
744 774 782 808 de
808 788 961 809 armorum

254 821 394 867 insigni,
419 835 543 869 nempe
570 823 611 858 de
637 826 699 858 Sue
720 824 828 867 foeta:
852 824 960 861 insul-

255 870 326 906 sam
351 886 422 908 rem
449 873 548 908 nobis
576 873 757 922 propinat.
782 877 899 921 Quare
924 877 959 912 id

253 935 362 959 unum
391 923 481 959 mihi
507 924 691 960 dicendum
720 925 884 973 superest,
909 928 959 962 la—

254 981 326 1009 tere
362 974 472 1010 adhuc
513 975 686 1025 originem
727 976 825 1011 vocis
861 977 959 1021 Troja

251 1036 315 1072 pro
337 1026 464 1069 Scrofa,
485 1039 552 1072 qua
573 1035 719 1062 utuntur
745 1027 851 1062 etiam
872 1027 958 1062 Mu-

251 1075 424 1111 tinenses.
461 1077 558 1112 Galli
595 1090 734 1125 quoque
769 1081 874 1118 Truye
903 1077 956 1112 di-

252 1135 356 1162 cunt.
385 1126 416 1162 Ii
443 1137 504 1163 aut
525 1141 544 1163 a
567 1128 669 1163 nobis
692 1140 873 1174 accepere,
897 1135 957 1162 aut

249 1176 352 1210 nobis
387 1177 508 1209 dedere
544 1177 633 1209 hanc
669 1188 814 1215 vocem,
851 1189 955 1223 quarn

246 1237 266 1259 a
298 1236 381 1258 voce
408 1223 603 1259 Scrofarum
646 1224 811 1260 emersisse
847 1225 954 1274 suspi—

247 1274 320 1308 cari
340 1273 418 1317 quis
440 1273 561 1318 poffit.
581 1274 873 1318 Antiquiffimam
896 1289 954 1308 ve-

247 1324 287 1357 ro
323 1320 387 1355 esse
423 1321 575 1368 produnt
602 1322 740 1356 Gloffae
779 1323 951 1357 Romano—

247 1370 479 1411 Theotiscae,
501 1384 587 1418 quae
609 1370 646 1407 in
667 1371 786 1407 Gallia
808 1371 954 1420 scriptae

248 1423 435 1457 creduntur
476 1431 554 1457 ante
593 1423 773 1470 complura
812 1425 954 1465 Secula,
985 1428 990 1438 '

247 1474 290 1508 ab
318 1473 472 1508 Eccardo
499 1474 703 1522 evulgatae,
731 1472 791 1508 ubi
824 1473 954 1522 legitur

246 1523 367 1569 iju,
395 1527 481 1559 Suu.
511 1523 530 1541 ²*

200 1578 339 1621 TroppO.
361 1576 486 1618 Nimis,
507 1575 667 1610 Nimium.
688 1573 790 1610 Forse
811 1574 852 1610 da
872 1577 953 1608 Tur-

246 1627 309 1668 ba,
337 1624 457 1672 inquit
492 1625 698 1673 MenagiuS.
733 1624 894 1673 Suspicor
921 1639 952 1660 e-

247 1689 317 1725 go,
339 1689 358 1711 a
383 1680 559 1722 Troppum‚
585 1676 800 1724 significante
826 1678 954 1721 Gregcm

246 1726 341 1762 reeta
378 1726 566 1772 proceffiffe
604 1727 768 1762 Italicum
807 1730 954 1772 Troppo,

246 1776 286 1813 ἃ
313 1777 492 1812 Gallicum
521 1781 624 1820 Trop.
653 1779 694 1810 In
721 1776 876 1824 Legibus
904 1779 953 1811 A·

244 1827 516 1866 lamanmrum,
543 1827 622 1862 Tit.
650 1838 709 1873 72.
737 1826 888 1874 legitur:
919 1828 957 1860 51·

246 1876 281 1911 in
313 1880 436 1919 Troppo
470 1881 508 1910 de
535 1877 683 1917 iumentis
719 1876 808 1912 illam
834 1876 954 1911 duft'ri-

247 1939 308 1961 cem
335 1929 404 1972 quis
432 1927 645 1962 invola-verit.
673 1929 727 1962 Ita
754 1928 841 1975 apud
867 1929 954 1962 Gol-

247 1976 376 2012 dastum
402 1978 508 2012 Tom.
535 1989 568 2012 2.
593 1990 688 2012 num.
717 1989 772 2022 15.
799 1980 877 2012 Rcr.
902 1980 954 2012 A·

248 2027 400 2062 lamann.
428 2031 478 2063 De
503 2027 651 2062 caballis
685 2028 858 2062 damalibus
889 2042 955 2062 cum

247 2088 342 2112 cetero
376 2081 519 2124 Troppo.
558 2077 665 2113 Vides
702 2076 950 2124 antiquitatem

245 2128 435 2163 vocabuli.
473 2129 594 2176 Itaque
634 2127 750 2175 primo
791 2136 950 2166 vetet-ez,

245 2187 287 2214 ut
312 2177 545 2227 fignificarent
580 2179 725 2212 Multum
751 2178 947 2225 aliquorum

243 2227 507 2267 animantium,
552 2228 718 2264 dixerunt
765 2232 922 2273 Troppum
940 2256 950 2273 ‚

244 2277 340 2325 quod
376 2277 417 2313 ad
453 2278 594 2323 omnia,
626 2277 856 2327 significantia
892 2292 950 2314 co-

245 2328 342 2376 piam
367 2329 529 2377 grandem
555 2342 691 2372 retum,
712 2328 830 2364 senfim
855 2337 949 2364 tran-

245 2379 375 2415 slatum
402 2379 490 2415 fuit.
526 2381 574 2416 Et
601 2379 710 2416 adhuc
746 2378 828 2415 Itali
863 2378 951 2415 hanc

550 207 917 254 DISSERTATIO
949 208 1487 259 TRJGESIMATERT1A;

1010 728 1036 761 B

984 2068 1039 2108 lE]

1661 230 1711 259 10

1121 282 1244 305 vocem
1281 269 1445 318 usurpant
1480 273 1522 309 ad
1563 233 1830 325 fignificaixssi'um

1121 333 1192 356 non
1219 320 1331 355 solum
1359 323 1551 369 excelsum,
1577 326 1635 362 sed
1666 324 1705 362 &
1732 328 1830 361 Mul-

1120 381 1187 405 tum
1214 370 1410 418 aliquarum
1437 385 1570 411 rerum.
1597 381 1722 426 Troppo
1744 378 1830 424 pia.-

1121 425 1244 466 Troppo
1279 421 1472 466 hene‚·&c.
1500 424 1590 460 Vide
1626 428 1829 464 Vocabula-

1120 471 1212 508 rium
1241 471 1506 508 Florentinum.
1533 476 1593 509 An
1617 483 1699 514 verb
1724 483 1827 526 Trop-

1117 534 1214 569 pum,
1239 521 1277 558 ἃ,
1302 525 1444 570 Troupe,
1468 537 1506 559 ac
1532 528 1715 572 Troupeaux
1739 531 1826 565 Gal-

1119 573 1250 612 licum,
1277 582 1382 620 atque
1409 573 1573 610 Italicum
1601 580 1752 625 Truppa‚
1777 580 1827 615 ef.

1119 623 1267 658 formata
1294 622 1425 659 fuerint
1442 638 1472 659 se
1500 625 1610 662 Turba
1636 627 1754 676 (quod
1785 644 1828 665 0-

1119 673 1257 721 pinatus
1294 674 1338 709 est
1375 674 1536 724 Voffius)
1569 677 1649 713 aliis
1684 693 1826 716 accura-

1118 724 1188 759 tius
1215 724 1486 761 examinandum
1513 725 1600 763 erit.
1626 730 1702 778 Ego
1730 730 1826 766 diffi-

1118 774 1186 810 cile
1213 775 1370 812 credam.

1067 830 1226 861 Tro-vare.
1253 826 1420 866 Invenire,
1457 828 1626 872 Reperire.
1663 831 1797 867 Mirum
1811 860 1823 877 ,

1117 876 1259 923 quantis
1286 878 1437 913 tenebris
1465 879 1658 915 circumlita
1686 881 1728 917 fit
1750 882 1825 917 ori-

1117 940 1162 974 go
1187 927 1290 975 hujus
1315 928 1432 963 verbi.
1459 930 1525 964 Eas
1549 931 1720 978 depellere
1746 932 1825 980 pos-

1117 977 1150 1012 se
1170 980 1223 1012 'ne
1246 991 1310 1025 ego
1337 978 1478 1026 quidem
1508 980 1597 1016 mihi
1624 982 1761 1018 tribuo.
1787 986 1825 1019 A

1116 1031 1310 1074 Recuperare
1352 1029 1561 1077 Menagius,
1607 1045 1625 1066 a
1672 1034 1822 1079 Reperire

1116 1078 1291 1114 Ferrarius
1311 1089 1481 1115 conantur
1502 1094 1622 1116 vocem
1644 1082 1731 1118 hanc
1751 1092 1825 1118 tra-

1115 1127 1217 1162 here.
1254 1128 1346 1173 Quis
1363 1157 1372 1173 ,
1409 1131 1534 1177 quaeso
1553 1159 1562 1175 ,
1604 1131 1823 1169 subscribat?

1117 1178 1349 1224 Du-Cangius
1386 1181 1568 1225 antiquum
1613 1183 1825 1218 vocabulum

1115 1225 1295 1261 Gallicum
1324 1230 1428 1267 Trea,
1456 1229 1550 1274 quod
1577 1231 1745 1265 Tributum
1781 1232 1823 1267 fi-

1116 1275 1282 1320 gnificat,
1310 1277 1411 1310 nobis
1438 1279 1563 1320 offert,
1590 1279 1671 1313 inde
1690 1291 1823 1318 natum

1117 1326 1257 1357 Tro-vare
1291 1324 1480 1371 opinatus,
1518 1326 1610 1373 quafi
1648 1328 1823 1367 Tributo—

1114 1386 1190 1408 rum
1209 1372 1387 1411 ememtes
1403 1374 1601 1412 dicerentur
1616 1380 1707 1413 avoir
1722 1384 1824 1416 Treu-

1113 1428 1177 1467 ve‘‚
1198 1436 1306 1471 quum
1331 1424 1524 1472 Tributum,
1549 1427 1605 1464 seu
1629 1429 1659 1463 le
1684 1433 1766 1465 Treu
1786 1447 1824 1469 e-

1112 1474 1304 1522 xegiffent.
1344 1476 1471 1512 Pacato
1507 1481 1627 1514 animo
1668 1481 1823 1519 confide-

1112 1525 1227 1568 rami,
1254 1523 1386 1560 nullius
1414 1528 1519 1574 pretii
1556 1530 1588 1563 8<
1618 1529 1704 1566 istud
1732 1534 1824 1579 Ety-

1112 1596 1196 1618 mon
1221 1583 1400 1620 videatur.
1427 1586 1508 1621 Alii
1534 1600 1551 1623 a
1577 1590 1710 1624 Graeco
1737 1586 1820 1626 Εὐ-

1111 1654 1252 1690 pto-xxo,
1280 1643 1334 1678 sed
1362 1657 1433 1680 non
1470 1644 1607 1682 felicius
1639 1647 1821 1686 derivant.

1111 1694 1188 1740 Ego
1216 1706 1322 1729 unum
1351 1695 1497 1740 addam,
1522 1710 1646 1746 nempe
1676 1712 1821 1748 perpen-

1111 1742 1260 1778 dendum
1289 1745 1374 1789 effe,
1403 1759 1446 1781 an
1473 1759 1491 1782 e
1518 1748 1726 1785 Germanica
1755 1763 1820 1785 vo-

1111 1806 1149 1828 ce
1185 1795 1339 1841 Treffin,
1376 1796 1540 1833 Italicum
1582 1802 1747 1840 Trovare,
1783 1802 1819 1835 δε

1110 1844 1288 1880 Gallicum
1331 1849 1472 1882 Trouver
1507 1851 1656 1886 manasse
1695 1860 1821 1899 potue-

1109 1894 1201 1930 rint.
1226 1896 1411 1933 Germanis
1438 1897 1537 1935 sonat
1560 1899 1650 1938 illud
1672 1901 1818 1937 verbum

1109 1945 1235 1989 Colpire
1261 1949 1311 1981 nel
1333 1948 1446 1995 segne,
1474 1953 1603 1986 Toccare
1633 1952 1660 1987 il
1686 1950 1818 1992 bianco,

1111 1997 1298 2038 Incomrarfi
1321 1998 1354 2032 in
1378 2000 1506 2046 qualche
1529 2002 1612 2044 cosa.
1634 2002 1699 2037 Per
1723 2011 1820 2037 tran-

1110 2045 1298 2082 slationem
1326 2047 1474 2085 fortaffis
1506 2049 1663 2086 adhiberi
1695 2061 1819 2098 coepta

1112 2095 1157 2131 est
1180 2096 1275 2136 ,haec
1302 2112 1373 2134 vox
1409 2099 1450 2134 ad
1478 2098 1736 2147 significandam
1766 2103 1819 2138 in-

1111 2147 1288 2182 ventionem
1313 2148 1364 2184 rei
1391 2149 1558 2197 alicujus.
1581 2150 1638 2186 Est
1664 2150 1702 2188 &
1730 2154 1820 2188 Ger-

1111 2197 1224 2232 manis
1259 2197 1383 2233 iisdem
1420 2200 1600 2246 Getroffem
1631 2202 1667 2236 &
1702 2205 1820 2249 Ange-

1111 2246 1244 2294 noffim,
1270 2249 1416 2293 Gnipho,
1452 2251 1664 2290 Indo-vinata,
1691 2255 1817 2287 Tro-va-

1111 2307 1163 2337 to,
1190 2298 1282 2345 quod
1311 2299 1451 2347 propius
1478 2299 1519 2334 ad
1553 2304 1693 2335 Tro-vare
1718 2315 1818 2338 acce-

1110 2347 1183 2383 dit.
1209 2348 1339 2396 Anglis
1376 2349 1468 2383 idem
1500 2349 1544 2384 est
1579 2361 1609 2384 to
1642 2352 1815 2396 Retrieve,

1109 2411 1148 2434 ac
1174 2398 1324 2434 nostrum
1353 2400 1549 2434 Rz'trovare:
1576 2400 1630 2437 sed
1662 2401 1727 2437 hoc
1756 2403 1813 2439 illi

1631 2465 1651 2487 a
1678 2453 1764 2487 Gal—

281 2521 298 2536 *
319 2526 436 2559 Utrum
459 2533 535 2569 Suu,
558 2530 603 2561 uti
627 2529 659 2560 in
681 2528 795 2568 editis,
823 2527 875 2560 vel
897 2531 968 2567 sus,
998 2538 1034 2559 an
1057 2528 1148 2560 aliter
1169 2528 1332 2569 legendum
1354 2528 1407 2568 fit,
1429 2540 1491 2561 non
1515 2530 1630 2570 liquem
1659 2541 1814 2572 quumque

202 2561 329 2594 Gloffae
350 2566 388 2594 ab
410 2568 546 2599 Eccardo
568 2569 728 2609 evulgatae
751 2570 787 2601 ad
815 2579 922 2600 manus
950 2569 1027 2600 haud
1059 2568 1137 2608 sint,
1167 2570 1257 2601 satius
1279 2569 1377 2600 visum
1399 2570 1440 2601 est
1466 2571 1604 2603 Eruditis
1625 2571 1812 2613 difflonem.

201 2602 224 2635 fi
246 2602 281 2635 fit
303 2614 376 2644 opus
390 2627 400 2643 ,
421 2608 590 2650 relinquere
612 2611 839 2650 corrigendam,
861 2609 954 2651 quam
976 2617 1091 2642 temere
1113 2612 1275 2651 quicquam
1297 2610 1476 2643 immutare.
