2169 3047
465 261 547 301 243
752 245 1692 302 ANTIQUJT.MED11AJ;1V1
1891 265 1976 305 ²44

405 304 510 337 Cnido
529 313 567 338 ae
587 304 798 352 Terrasogolis
823 305 942 341 RebJor
959 307 1169 349 Societatum,
1205 309 1252 343 A
1275 306 1332 342 dia
1359 307 1581 356 immigravit
1601 307 1638 344 in
1660 306 1844 344 Graeciam
1865 321 1916 344 ars
1938 311 2034 344 alen-

407 355 614 389 Rolandinus
652 357 691 390 de
735 357 921 402 Μίσόαέίσ,
975 360 1086 391 Petrus
1131 359 1170 390 cle

409 406 548 451 Teugi0‚
593 408 723 441 Ubertus
748 412 788 441 de
821 412 1012 451 Armanno,
1049 407 1167 440 Henri-

404 466 513 500 genus
553 457 672 498 Ritist'e
686 484 696 501 ‚
738 458 895 493 albertus
919 457 1142 504 Adhigherius
1157 484 1167 501 ‚

400 507 542 549 jacobus
578 511 686 542 Trom
720 510 858 544 Arbiter
892 509 1029 551 elec‘lus,
1071 510 1167 542 Mar-

404 555 540 596 chifinus
588 559 762 593 Mainardi
809 560 946 594 Arbiter
965 586 976 603 ,
1033 558 1168 599 Urfittus

403 604 600 651 Maffarius‚
627 609 819 651 Paltronus,
848 610 891 642 (J
916 610 1131 646 Cuminellus.

456 657 622 693 Occurrit
649 658 750 693 nobis
779 658 816 694 in
843 658 976 695 Charta
1004 659 1065 696 ista
1093 668 1182 695 vox‘

406 707 586 751 Torsellus,
614 707 683 744 five
710 709 906 754 Torsellum.
935 711 1164 746 Vocabularii

402 757 605 794 florentini
636 759 808 795 Augiores
835 773 910 795 eam
932 760 1161 808 interpretan-

399 815 460 842 tur
486 810 652 849 Balletta,
680 811 767 845 balla
793 812 935 855 piccola.
965 811 1093 847 Nescio
1121 825 1163 847 an

400 856 492 894 satis
513 859 690 905 dilucide,
729 859 767 897 &
795 862 836 897 ad
865 874 963 898 rem.
1006 863 1164 908 Torsellus

399 907 495 944 nihil
523 910 618 946 aliud
647 910 716 946 fuit
744 913 847 959 quam
876 914 1066 957 volumen,
1107 911 1162 949 seu

398 960 517 994 Rotolo
544 960 692 1019 alicujus
713 963 839 1009 panni.
871 966 946 1000 Nos
967 964 1077 1000 adhuc
1100 977 1162 999 vo-

401 1010 566 1046 cabulum
604 1012 816 1053 retinemus,
858 1016 1073 1062 appellantes
1121 1029 1163 1049 tm

399 1061 539 1106 Torsello
564 1062 601 1097 di
624 1073 752 1107 panno,
780 1078 822 1099 un
849 1066 985 1108 Torlello
1011 1067 1047 1099 di
1073 1067 1163 1100 tela.

398 1109 590 1160 Menagius
617 1113 655 1147 in
683 1114 891 1162 Originibus
914 1115 1071 1163 Linguae
1095 1115 1163 1150 lra-

399 1161 491 1198 licae
518 1162 609 1198 illud
636 1162 778 1200 deducit
806 1177 823 1200 a
852 1168 986 1204 Torta,
1024 1169 1163 1208 Tarsus,

400 1213 579 1257 Torsellus.
632 1214 728 1251 Mihi
772 1215 1000 1250 derivandum
1048 1216 1164 1263 potius

397 1263 540 1300 ‘videtur
568 1278 586 1299 a
615 1266 780 1312 Thyrsus‚
817 1265 906 1301 unde
937 1266 1054 1311 Torso:
1093 1280 1164 1313 quo

400 1314 546 1350 nomine
574 1314 718 1352 statuam
748 1315 944 1352 indicamus
963 1345 971 1359 ‚
1001 1316 1056 1352 cui
1087 1316 1159 1352 sub·

399 1364 557 1401 trstium
588 1364 629 1402 s1t
666 1376 791 1413 caput,
830 1367 990 1408 brachia,
1033 1380 1163 1409 coxae,

398 1417 458 1452 vel
487 1429 608 1460 crura,
636 1416 727 1464 quasi
758 1418 912 1465 aliquam
942 1416 1040 1453 illius
1069 1416 1160 1452 fimi-

400 1466 590 1503 litudinem
622 1466 790 1512 praeferat
820 1480 950 1513 pannus
988 1466 1031 1502 fic
1060 1469 1159 1502 invo-

397 1518 513 1554 lutus.
550 1516 718 1564 Troffellus
755 1517 792 1553 in
830 1518 973 1553 Chattis
1012 1517 1162 1553 Gallicis

398 1567 494 1604 idem
523 1567 591 1604 fuit
619 1581 657 1603 ae
700 1568 800 1604 nobis
843 1569 1002 1611 Torsello.
1042 1571 1163 1614 Atque

397 1617 477 1654 heic
506 1632 557 1654 res
587 1617 720 1666 poscit,
749 1628 788 1655 ut
815 1619 856 1655 de
888 1620 1034 1655 Artibus
1061 1620 1163 1654 Lani-

394 1668 486 1715 fisii,
517 1668 554 1705 &
584 1669 735 1707 faciendi
757 1683 795 1705 ac
817 1670 959 1706 texendi
980 1671 1078 1705 serici
1096 1670 1163 1705 ali-

400 1719 486 1767 quid
517 1719 685 1757 innuam.
716 1723 807 1757 Nam
837 1734 880 1758 cx
910 1719 1002 1757 hisce
1029 1720 1163 1756 duobus

400 1768 556 1818 opificiis
587 1783 750 1818 magnum
779 1771 868 1807 olim
898 1771 959 1807 fibi
987 1771 1162 1818 quaestum

400 1830 694 1867 comparaverunt
745 1822 883 1870 aliquot
923 1835 966 1858 ex
1010 1821 1164 1857 Urbibus

400 1870 541 1907 Italicis
582 1871 619 1906 in
657 1884 729 1906 rem
767 1871 861 1907 suam
904 1871 1165 1920 prudentissime

401 1921 584 1958 intentae.
613 1921 761 1958 Nemini
790 1921 952 1971 ignotum
982 1935 1085 1965 reor,
1113 1931 1163 1957 te-

403 1972 563 2009 xtrinam
592 1974 711 2008 Lanae
739 1986 756 2008 a
785 1971 856 2008 sera
884 1972 1099 2020 antiquitate
1127 1972 1164 2008 in

402 2022 502 2059 usum
532 2022 740 2062 bominum,
781 2036 820 2058 ac
849 2023 994 2066 proinde
1020 2024 1053 2059 &
1082 2037 1165 2072 gen-

406 2073 456 2111 tis
500 2073 672 2118 Italicae,
727 2073 906 2110 inveaam
930 2099 941 2115 ,
987 2087 1164 2123 nunquam

402 2137 448 2160 ex
477 2138 597 2161 eorum
627 2125 840 2161 commercio
867 2124 1052 2162 excidisse.
1093 2127 1166 2162 Te-

402 2174 545 2212 xtrinae
572 2175 610 2211 &
642 2176 742 2212 Artis
769 2175 877 2212 serici
905 2175 973 2212 alia
994 2176 1064 2212 fata
1091 2176 1164 2213 fue-

402 2238 466 2262 re.
509 2226 653 2273 Vopisci
682 2239 796 2268 aevo,
838 2235 877 2263 ut
919 2226 949 2262 is
977 2226 1100 2263 scribit
1125 2227 1165 2263 in

402 2275 492 2312 Vita
531 2276 717 2313 Aureliani
766 2277 1013 2326 Imperatoris,
1063 2279 1164 2313 Libra

401 2328 502 2363 serici
532 2328 631 2363 Libra
656 2327 730 2363 aurs*
754 2328 837 2370 fuit.
874 2327 993 2363 Persae
1035 2328 1163 2364 videli-

403 2387 461 2414 cet
487 2379 530 2413 ab
569 2379 663 2414 Indis
702 2378 855 2414 Sericum
894 2378 956 2415 fibi
984 2392 1162 2427 compara-

403 2429 515 2478 bant3
553 2443 570 2464 a
603 2429 706 2466 Persis
733 2429 858 2466 Graeci
886 2440 992 2477 atque
1032 2432 1162 2466 Roma-

403 2480 469 2518 ni.
513 2482 643 2517 Verum
688 2481 861 2529 Procopio
901 2481 981 2516 teste
1009 2480 1092 2517 Lib.
1125 2494 1161 2527 4.

404 2529 497 2569 Can.
529 2544 571 2577 17
612 2534 652 2568 de
682 2533 781 2567 Bello
823 2531 979 2567 Gothico
1016 2531 1075 2567 sub
1101 2533 1161 2574 Ju—

403 2582 554 2622 suniam
589 2586 618 2621 1.
645 2582 803 2633 Augusto
837 2583 993 2634 primum
1029 2596 1073 2621 ex
1099 2584 1160 2619 In·

1275 356 1310 393 di
1339 358 1488 404 bombyc
1492 372 1548 401 es,
1576 357 1614 394 ἃ
1642 359 1750 394 Serici
1777 358 1858 395 inde
1885 360 2035 395 educen-

1275 407 1332 452 di,
1361 422 1399 444 ac
1427 386 1569 445 subinde
1597 409 1763 445 texendi.
1805 411 1888 455 Quo
1916 418 2033 445 autem

1276 466 1432 507 tempore
1459 460 1496 495 in
1526 461 1665 495 Italiam
1695 460 1803 508 ipsam
1840 461 2033 508 importata

1277 509 1394 545 eadem
1432 512 1502 546 Ars
1539 510 1670 554 fuerit,
1713 510 1832 546 frustra
1861 510 2031 546 vetustum

1277 560 1488 607 Scriptorem
1517 574 1741 607 quaeramus,
1770 561 1831 608 qui
1859 575 1932 597 rem
1961 560 2034 597 uti-

1277 609 1441 645 liffimam
1483 611 1673 645 memoriae
1701 611 1884 646 hominum
1922 611 2034 647 tradi-

1277 660 1393 696 derit.
1443 662 1550 709 Supra
1605 670 1719 695 tamen
1773 661 1851 696 vide
1894 662 2032 698 Dissert-

1279 713 1391 746 XXV.
1431 713 1471 745 de
1518 711 1687 755 Textrina,
1729 711 1788 746 ubi
1830 711 1966 759 aliquid
1995 711 2033 747 in

1277 761 1364 796 hanc
1391 775 1461 797 rem
1492 761 1673 797 indicavi.
1702 764 1806 797 Nunc
1835 763 1904 797 alia
1927 775 2034 810 pauca

1275 812 1316 847 de
1344 812 1482 849 Serico,
1524 812 1613 860 apud
1655 811 1874 848 Mutinenses
1916 812 2036 848 confe-

1275 862 1355 907 ἃο,
1393 862 1469 898 heic
1507 863 1679 912 innuam3
1722 876 1833 910 neque
1860 865 1954 898 enim
1985 863 2036 898 se-

1276 927 1357 961 gnes
1386 913 1479 948 fuere
1506 914 1661 961 Majores
1689 913 1793 948 nostri
1818 913 1855 948 in
1876 913 1940 948 hac
1962 917 2035 949 Ar-

1277 973 1311 999 te
1353 965 1561 1006 excipienda
1597 974 1701 1021 atque
1738 964 1957 1010 excolenda;
1999 964 2035 998 δε

1278 1017 1458 1061 praecipue
1487 1013 1578 1061 quod
1607 1013 1759 1049 Sericum
1783 1027 1825 1049 ex
1847 1027 1929 1062 agro
1945 993 2037 1049 ’Mu-

1277 1064 1398 1100 tinenfi
1428 1064 1616 1100 conefflum
1645 1065 1716 1112 ejus
1745 1065 1880 1100 roboris
1908 1078 1946 1099 ac
1974 1077 2037 1100 ve-

1277 1115 1416 1149 nustatis
1445 1114 1614 1155 evaserit
1658 1126 1697 1150 ut
1734 1129 1813 1150 cum
1842 1115 1966 1163 primis
1994 1114 2036 1150 de

1276 1164 1479 1209 praestantia
1520 1175 1650 1200 certare
1680 1164 1808 1212 possit,
1851 1179 1888 1200 ac
1918 1166 2030 1200 multa

1230 1222 1240 1231 “
1274 1216 1421 1250 aliarum
1466 1216 1614 1250 Urbium
1657 1216 1728 1263 post
1770 1215 1801 1250 se
1829 1216 2033 1261 relinquat.

1278 1268 1315 1300 ln
1344 1266 1497 1312 ngibus
1536 1266 1819 1314 Municipalibus
1849 1266 2035 1301 Mutinen-

1275 1316 1313 1351 fis
1345 1317 1571 1363 Reipub1:cae
1600 1320 1706 1352 Anno
1737 1318 2034 1352 MCCCXXVII.

1276 1366 1431 1415 Augusto
1468 1366 1588 1401 Mense
1631 1380 1735 1403 manu
1763 1367 1913 1403 exaratis
1951 1367 2035 1402 haec

1275 1416 1445 1452 habentur
1485 1419 1564 1453 L1b.
1599 1429 1630 1453 2.
1673 1420 1814 1453 Rubnc.
1853 1430 1910 1465 23.
1941 1418 2036 1452 Fole-

1275 1468 1348 1501 xelti
1376 1468 1535 1502 Civitatis
1563 1468 1608 1504 &⁹
1650 1469 1817 1509 Dtflrtfius
1855 1469 2034 1507 Mutinae,

1276 1519 1318 1550 Θ
1345 1517 1513 1562 cujuslibet
1539 1517 1670 1551 alterius
1697 1518 1775 1561 loci,
1817 1521 1857 1551 de
1883 1531 1941 1564 quo
1967 1530 2038 1552 cm-

1274 1567 1362 1602 dubii
1384 1567 1505 1611 fuerint
1536 1569 1699 1602 Mutinam
1726 1569 1924 1606 vendibiles,
1961 1579 2037 1603 tan-

1276 1620 1343 1652 tiam
1379 1620 1411 1651 in
1449 1622 1563 1652 Platea
1599 1621 1777 1653 Communis
1816 1620 1967 1654 Mutinae
1993 1620 2037 1654 ad

1275 1672 1400 1716 pensam
1427 1670 1607 1703 Communis
1635 1672 1816 1704 vendamur
1852 1669 1897 1709 a&
1926 1683 2034 1704 eman-

1277 1731 1346 1754 tur.
1374 1722 1439 1754 Nec
1464 1730 1550 1753 extra
1578 1721 1766 1763 DistricJum
1794 1724 1944 1756 thnae
1972 1723 2039 1755 Fu-

1275 1769 1380 1801 lexelli
1408 1782 1459 1801 nec
1484 1773 1581 1808 Sem,
1624 1770 1686 1808 nisi
1706 1772 1807 1813 suerit
1832 1772 1971 1805 extrafia
1997 1772 2038 1805 de

1279 1818 1447 1853 Folexellis
1482 1820 1526 1853 ad
1572 1820 1777 1853 Molinellum
1815 1821 1848 1854 in
1890 1821 2036 1855 Livitate

1277 1869 1429 1904 Mutinae
1455 1870 1659 1904 extrahantur
1686 1871 1752 1905 &a
1784 1874 1829 1906 Ec
1855 1874 1916 1905 duo
1949 1872 2037 1906 Fra-

1278 1931 1338 1954 tres
1363 1921 1402 1954 de
1430 1922 1628 1956 Paenitenna
1655 1922 1814 1965 eligantur
1840 1923 1883 1955 ad
1902 1922 2036 1965 brevia,

1277 1983 1403 2018 quorum
1424 1970 1469 2010 fit
1491 1974 1574 2012 liare
1601 1972 1633 2005 in
1663 1973 1795 2011 Platea,
1832 1973 1872 2004 (9
1908 1972 2036 2018 pensare

1278 2022 1471 2058 Folexetlos.
1512 2023 1616 2058 Tunc
1645 2036 1706 2070 pro
1735 2023 1891 2069 qualibet
1922 2023 2036 2057 Folli-

1278 2072 1447 2108 cenorum
1485 2072 1575 2109 libra
1616 2072 1781 2109 venditor
1817 2072 2035 2121 persolvebat

1278 2122 1476 2160 Communi
1514 2124 1677 2160 Mutinae
1718 2137 1824 2160 unum
1866 2125 2036 2158 Mutinen-

1273 2176 1363 2219 sem,
1404 2174 1470 2210 hoc
1512 2174 1557 2211 est
1598 2175 1778 2214 Solidum‚
1820 2174 1856 2211 ἃ
1886 2176 2034 2211 alterum

1280 2225 1494 2274 persolvebat
1535 2237 1672 2263 emtor.
1731 2229 1908 2264 Praeterea
1951 2229 2033 2266 Lib.

1279 2277 1414 2324 primo,
1444 2277 1585 2313 Rubric.
1611 2289 1671 2325 71.
1700 2279 1925 2322 decernitur,
1952 2280 2035 2325 quod

1276 2329 1402 2362 denarii
1416 2352 1426 2367 ‚
1454 2329 1509 2375 qui
1534 2329 1726 2372 colliguntur
1749 2341 1802 2373 per
1829 2332 1958 2364 Fratres
1975 2333 2033 2364 de-

1274 2390 1400 2425 putatos
1426 2382 1468 2415 ad
1491 2380 1618 2427 pensam
1647 2382 1869 2415 Folexellorum
1895 2390 1961 2415 tam
1977 2393 2033 2428 pro

1276 2430 1462 2470 Communi,
1498 2445 1590 2477 quam
1625 2443 1681 2476 pro
1728 2429 1889 2474 Maffario„
1917 2433 2032 2467 SanHi

1275 2481 1482 2523 Geminiani,
1519 2496 1578 2516 non
1621 2481 1842 2526 intelligantur
1884 2495 1936 2516 nec
1976 2481 2032 2527 effe

1274 2532 1410 2567 debeant
1435 2532 1661 2567 Condm‘lorum
1689 2532 1758 2568 &a
1782 2533 1903 2580 Longe
1922 2532 2031 2569 etiam

1273 2592 1376 2620 antea
1415 2583 1546 2624 video,
1595 2582 1836 2621 Mutinensem
1875 2585 2033 2670 Rgrlnpu-

1950 2646 1982 2670 ι.
