2169 3047
406 207 490 248 707
753 192 1123 249 ANTIQUtT.
1163 192 1308 237 MED
1321 194 1372 237 11
1406 194 1568 237 AEV1
1828 201 1912 253 708

395 263 501 297 quam
522 249 744 287 Mutinenses
768 252 892 288 dicunt
915 254 947 287 la
974 253 1106 292 Benla,
1145 254 1189 289 A:

396 300 507 337 Tusci
535 314 619 337 vero
646 304 679 338 la
708 304 859 338 Bmola.
899 303 1002 346 Apud
1031 305 1103 338 He-

398 351 520 388 braeos
547 356 631 388 Beth
658 357 792 389 Domum
819 353 1009 403 fignificat.

348 402 488 439 Bianco.
516 404 649 439 Albus.
680 404 829 444 Nescio,
857 418 917 440 cur
945 405 980 440 in
1010 417 1106 440 rnen-

397 462 470 491 tem
502 454 636 490 venerit
664 454 757 498 Iulio
785 454 925 491 Caesari
955 456 1105 504 Scalige-

396 518 461 549 ro,
498 504 730 540 deducendam
766 505 830 540 effe
867 506 955 540 hanc
983 519 1104 540 vocem

397 569 418 591 e
447 558 581 591 Graeco
615 560 705 594 Βλοέξ.
737 569 843 602 quum
882 555 974 605 nibil
1011 555 1104 591 aliud

399 606 444 642 est
473 610 542 644 Βλὲιξ
569 607 671 653 quarn
706 608 812 645 Iners,
848 609 971 646 Socors,
1009 609 1105 652 Igna-

398 669 484 691 vus.
518 657 574 691 Ab
602 656 712 691 Albus
740 669 799 704 per
826 656 1003 693 consuetas
1035 657 1106 692 suas

395 706 586 742 somniatas
608 706 713 743 scalas
734 707 921 755 Menagius
943 707 1013 755 post
1033 709 1106 743 Gu-

395 757 507 805 jetum
546 758 646 793 illam
684 758 794 794 traxit
816 785 824 793 .
867 759 982 806 Atqui
1019 758 1107 793 hane

397 808 664 856 Etymologiam
696 808 807 844 nimia
845 809 1026 845 literarum
1054 808 1106 845 di—

395 858 537 894 verfitas
565 859 726 894 damnat.
756 861 937 904 Quaenam
966 872 1048 905 ergo
1072 873 1106 894 e-

398 909 450 956 jus
478 908 606 958 origo?
635 911 884 946 Germanicum
915 911 1040 947 Blanck
1067 910 1104 945 fi-

399 972 443 995 ne
463 960 717 1000 controverfia,
739 961 831 1007 quod
851 962 976 1005 Album
1003 960 1104 1009 figni—

399 1009 501 1046 ficat.
518 1013 570 1046 Ex
588 1025 629 1047 eo
646 1025 708 1047 nos
724 1012 986 1047 efformavimus
1004 1014 1105 1047 Bian-

399 1073 431 1094 ιο
449 1088 458 1104 ,
497 1061 648 1107 Hispani
678 1063 823 1104 Blamo,
851 1062 949 1098 Galli
980 1063 1107 1101 mac,

395 1111 430 1145 8(
458 1112 570 1158 Angli
599 1113 743 1146 Βίαντι-ἆ.
772 1112 1022 1147 Germanicum
1048 1125 1106 1146 ve—

397 1163 437 1195 τὸ
466 1161 614 1201 Blanck,
647 1160 669 1194 fi
697 1161 780 1207 quid
811 1162 936 1204 video,
964 1175 982 1197 e
1009 1163 1105 1196 Bliu-

397 1210 494 1253 cken,
520 1209 574 1245 seu
604 1211 785 1257 Blembm,
811 1211 903 1259 quod
924 1212 1106 1256 splendere,

399 1261 495 1294 lucem
522 1260 677 1306 reflefflere
713 1260 837 1305 sonat,
874 1273 1012 1298 enatum
1043 1263 1105 1298 est.

400 1311 517 1346 Prima
532 1311 626 1346 enirn
646 1310 855 1359 significatio
872 1313 968 1348 vocis
984 1314 1108 1349 Blanck

397 1360 468 1395 fuir
504 1362 684 1395 Lucidum:
720 1361 830 1395 adhuc
867 1371 981 1396 autem
1020 1365 1105 1396 Ger-

398 1410 494 1446 mani
522 1411 554 1446 &
584 1410 710 1446 Album
746 1410 923 1459 designant
950 1413 982 1446 ὅ(
1014 1411 1105 1446 Luci>

397 1463 494 1503 dum,
522 1461 639 1495 eidem
668 1473 754 1495 voce
792 1471 948 1497 utentes.
986 1463 1106 1507 Quum

396 1511 489 1546 nihil
513 1511 638 1546 melius
663 1511 776 1546 lucem
803 1510 982 1557 reflefflat,
1003 1514 1106 1560 quam

394 1561 523 1597 Album
547 1587 556 1603 ‚
598 1570 779 1609 propterea
820 1575 943 1606 corpus
985 1565 1109 1598 Album

395 1611 425 1647 ii
455 1612 630 1659 appellare
653 1621 842 1660 coeperunt
867 1614 1010 1650 Blanck.
1042 1616 1104 1649 Re-

396 1662 452 1698 &e
465 1661 664 1697 Fureterius
676 1664 852 1699 Gallicam
870 1677 992 1699 vocem
1007 1667 1109 1699 Blanc

397 1712 449 1749 ita
477 1711 626 1748 definit.
667 1716 711 1747 Ce
745 1714 800 1760 qm‘
828 1715 968 1761 reflechit
998 1716 1031 1749 la
1057 1716 1107 1749 lu-

396 1763 490 1798 miere
516 1777 553 1796 en
581 1773 677 1798 toutes
699 1764 749 1808 ses
773 1768 913 1811 parties.
949 1768 1106 1801 Covaru-

397 1813 475 1848 vias
503 1825 643 1860 quoque
671 1814 737 1849 hoc
766 1815 878 1850 vidit:
910 1815 989 1852 sunt
1013 1818 1105 1852 enim

397 1863 471 1912 ejus
500 1864 625 1898 verba:
656 1865 776 1899 Blanco
803 1879 833 1899 es
860 1867 996 1901 Nombre
1022 1871 1109 1902 Godo

398 1913 512 1961 (idest
540 1914 734 1950 Gothicum
769 1918 940 1966 Nomen)
976 1921 1107 1965 Septen-

398 1965 517 1999 trional
529 1989 541 2004 ‚
571 1966 713 2001 Blancb.

347 2015 549 2057 Biafimare.
589 2016 790 2063 Vituperare.
826 2018 1027 2055 Concordes
1058 2019 1104 2054 fe—

396 2080 433 2102 re
461 2079 580 2102 omnes
610 2069 881 2113 Erymologistas
909 2070 1043 2113 reperio
1069 2071 1104 2106 in
1147 2061 1175 2094 E

395 2117 594 2154 deducenda
623 2117 685 2152 hac
714 2132 799 2153 voce
823 2133 840 2154 a
864 2121 1104 2165 Blaspbemare.

394 2169 444 2202 Ec
472 2167 549 2202 sane
580 2168 828 2216 Du-Cangius
866 2170 977 2204 multa
1006 2171 1104 2206 affert

394 2224 553 2253 veterum
591 2218 694 2260 loca,
736 2231 754 2254 e
791 2218 915 2265 quibus
954 2221 1103 2258 constare

393 2267 527 2315 potest,
556 2268 725 2303 Latinum
756 2269 977 2315 Blaspbemare
1004 2272 1102 2308 adhi-

396 2318 512 2354 bitum
545 2331 606 2365 pro
635 2321 820 2360 Damnare,
850 2322 1010 2366 culpare,
1049 2327 1102 2358 Ῑη-

389 2369 535 2413 famare,
569 2371 774 2413 Vituperare.
806 2372 933 2406 Eorum
967 2372 1102 2409 senten-

395 2419 484 2455 tiam
505 2420 539 2455 8<
565 2433 630 2468 ego
655 2420 865 2466 ampletStor.
897 2423 1029 2459 Addere
1051 2434 1102 2460 ta-

395 2482 475 2506 men
504 2470 631 2513 liceat,
660 2470 734 2507 fieri
764 2472 931 2517 potuisse,
961 2483 998 2509 ut
1027 2487 1100 2511 ver-

392 2520 477 2557 bum
515 2521 581 2558 hoc
610 2522 779 2558 Latinum
808 2537 849 2557 eo
878 2523 971 2559 sensu
1007 2525 1099 2560 usur-

395 2582 516 2622 patum
545 2573 650 2610 fuerit
668 2598 678 2614 ‚
714 2575 747 2609 8:
786 2573 901 2610 nihilo
929 2574 1036 2612 secius
1067 2590 1100 2613 a·
1124 2583 1129 2621 Ι
1181 2569 1188 2598 ¹

1264 252 1349 289 liam
1370 253 1543 304 originem
1573 254 1735 290 habuerit
1754 255 1878 291 Italica
1901 270 1972 294 vox

1264 304 1459 345 Bialt'mare.
1489 305 1612 342 Nostra
1640 307 1733 341 enirn
1765 305 1903 354 Lingua
1930 308 1972 343 ab

1266 355 1421 403 antiquis
1458 357 1588 392 seculis
1627 366 1760 404 praeter
1798 357 1974 396 Btasimare

1265 404 1369 441 habet
1396 408 1502 442 etiam
1533 407 1748 450 Bestemiare,
1784 408 1817 442 8<
1848 408 1973 450 Riaste-

1265 470 1370 501 mare,
1390 458 1481 505 quod
1504 472 1620 494 revera
1638 458 1681 493 est
1698 457 1866 494 Latinum
1891 458 1974 493 Bla-

1259 508 1446 552 spbcmare,
1486 507 1541 543 seu
1580 518 1619 542 ut
1659 508 1783 543 melius
1823 509 1972 556 loquar,

1266 559 1436 592 Graecum
1463 565 1626 597 Βλασφημεῒν
1650 557 1823 592 diversum
1851 572 1867 593 a
1892 560 1973 593 Bia-

1260 607 1394 648 fimare.
1425 609 1476 642 Ita
1505 607 1542 644 ὅ(
1570 609 1683 643 Gallis
1711 607 1796 641 duae
1821 607 1974 644 diversae

1267 670 1370 693 voces
1409 657 1486 694 sunt
1517 659 1716 705 Blalphemer
1746 658 1778 692 &
1808 658 1973 702 Blasmer.

1267 707 1466 743 Dssscrimen
1498 709 1562 744 hoc
1593 709 1737 744 innuere
1767 708 1925 751 videtur,
1955 722 1974 744 a

1265 757 1406 794 diverfis
1436 758 1592 794 fontibus
1629 757 1797 795 emanasse
1834 758 1974 807 gemina

1267 807 1350 844 haec
1379 810 1501 845 verba.
1538 811 1643 855 Quod
1674 809 1695 844 fi
1728 808 1879 856 Major-:s
1911 823 1975 844 no-

1266 858 1324 894 stri
1352 861 1575 905 Blasphemare
1603 874 1664 908 pro
1688 859 1826 902 Culpare
1852 860 1883 894 3<
1917 861 1974 894 Vi-

1266 919 1408 955 tuperare
1435 910 1623 954 dixerunt,
1650 910 1686 945 id
1715 910 1788 957 jure
1816 908 1945 945 faEium
1964 937 1975 954 ‚

1266 973 1373 1007 quum
1405 962 1548 996 verbum
1587 960 1697 1008 ipsum
1738 967 1901 1001 Βλιιτφημιῖν
1933 959 1975 995 fi-

1266 1010 1411 1058 gnificet
1447 1013 1670 1054 Calumniari,
1710 1011 1899 1046 Malediffis
1928 1009 1975 1048 ἴθ’

1266 1062 1472 1095 Contumeliis
1511 1061 1668 1107 inceffere,
1700 1065 1833 1096 Famam
1869 1061 1976 1104 existi-

1265 1112 1492 1157 matione-nque
1519 1113 1655 1156 alicujus
1682 1114 1821 1147 laedere.
1858 1115 1976 1159 Quare

1265 1159 1473 1207 superfluum
1513 1175 1581 1197 non
1621 1171 1732 1206 puto,
1769 1175 1888 1210 rogare
1918 1165 1977 1198 Se-

1265 1212 1557 1259 ptentrionalium
1581 1213 1798 1260 Linguarum
1822 1212 1975 1259 peritos,

1266 1271 1304 1296 ut
1333 1263 1568 1309 perpendant,
1596 1276 1638 1297 an
1668 1262 1757 1296 forte
1785 1276 1828 1298 ex
1857 1263 1976 1310 aliqua

1264 1313 1470 1346 Teutonum
1510 1325 1595 1346 voce
1633 1312 1776 1358 potius,
1814 1314 1917 1358 quam
1957 1327 1975 1349 e

1265 1362 1425 1402 Graeco,
1462 1360 1518 1396 seu
1555 1361 1689 1396 Larino
1728 1362 1975 1407 Blasphemare‚

1265 1410 1428 1458 prodiiffe
1458 1411 1611 1458 potuerit
1641 1412 1792 1446 nostrum
1814 1412 1976 1453 Biasima-

1265 1475 1321 1504 re,
1360 1460 1396 1497 ἃ
1427 1462 1607 1497 Gallicum
1640 1463 1806 1497 Blalmer.
1844 1465 1976 1498 Exem-

1265 1512 1315 1559 pli
1344 1511 1458 1548 caussa
1494 1512 1654 1561 Linguae
1681 1513 1900 1548 Teutonicae
1929 1514 1974 1549 est

1266 1563 1360 1607 Blafir
1378 1591 1387 1605 ‚
1416 1564 1591 1605 Pallidus,
1621 1564 1838 1599 Decoloratus.
1878 1567 1973 1600 Num

1266 1627 1325 1660 per
1353 1614 1598 1660 Meraphoram
1634 1614 1854 1649 efformatum
1893 1615 1974 1652 inde

1267 1664 1335 1700 fuit
1363 1666 1570 1709 Blaffimare,
1599 1666 1655 1700 vel
1684 1665 1867 1708 Blasmare,
1893 1667 1974 1700 Bia-

1259 1715 1383 1759 smare,
1407 1715 1605 1759 Bialimare‚
1631 1729 1690 1763 pro
1711 1717 1900 1758 decolorare,
1920 1718 1976 1750 cle-

1265 1765 1393 1811 m'grare
1423 1766 1545 1808 famam
1582 1776 1638 1799 aut
1674 1777 1765 1810 opera
1801 1765 1935 1809 alicujus
1955 1770 1974 1799 ἓ

1265 1815 1361 1850 Galli
1401 1815 1462 1859 ipsi
1500 1828 1622 1850 vocem
1658 1815 1780 1858 Blesme
1815 1814 1972 1860 habent,

1265 1864 1515 1913 significantem
1547 1866 1698 1904 Pallida,
1727 1866 1904 1899 Scolorito:
1934 1865 1973 1903 δ(

1266 1916 1402 1959 Blesrm'r
1433 1915 1643 1957 Impallidirsi
1676 1926 1730 1961 per
1765 1929 1923 1963 vergogna
1957 1931 1974 1952 ο

1265 1967 1387 2002 dolore.
1424 1966 1583 2001 Gallicae
1610 1965 1673 2001 hae
1703 1979 1803 2001 voces
1832 1980 1849 2001 a
1877 1969 1975 2012 Blass

1265 2017 1477 2053 Germanico
1506 2016 1679 2061 profe5he
1709 2016 1893 2057 videntur,
1917 2018 1974 2055 ni-

1266 2068 1288 2103 fi
1318 2067 1534 2103 vesufliffimi
1564 2068 1746 2103 Gallorum
1778 2078 1836 2102 aut
1865 2071 1972 2104 Fran-

1267 2132 1385 2155 corum
1413 2118 1579 2154 sermonis
1606 2119 1764 2167 propriae
1785 2117 1865 2153 fint.
1897 2121 1971 2154 An-

1266 2170 1378 2219 glicae
1398 2183 1536 2218 quoque
1559 2169 1717 2218 Linguae
1745 2169 1788 2204 est
1809 2170 1968 2211 Blemisb,

1266 2220 1456 2261 Defefflum‚
1493 2222 1666 2259 Probmm,
1695 2221 1831 2265 Culpam
1866 2218 1968 2261 figni-

1266 2271 1372 2308 ficans
1395 2299 1405 2315 ,
1444 2272 1477 2306 8<
1517 2283 1546 2305 to
1583 2271 1723 2306 Blemish
1760 2272 1968 2313 Vituperare‚

1266 2326 1401 2367 Carpere
1428 2324 1495 2357 ἕνα.
1535 2321 1732 2358 Lombarda
1768 2331 1849 2367 gens
1888 2319 1968 2354 Bia-

1259 2374 1363 2419 Jmare
1389 2372 1500 2415 dicit,
1528 2385 1631 2418 quam
1655 2382 1774 2406 vocem
1801 2368 1906 2403 Tusci
1930 2369 1967 2405 in

1265 2424 1442 2466 Biast'mare
1462 2430 1724 2458 converterunt.
1746 2419 1806 2453 Sed
1829 2420 1860 2453 &
1885 2423 1968 2455 Fra-

1266 2486 1319 2512 ter
1353 2477 1547 2521 Jacoponus
1574 2468 1787 2506 Tudertinus
1823 2471 1905 2506 Lib.
1932 2484 1967 2518 4.

1266 2526 1373 2564 Cant.
1402 2537 1461 2572 39.
1487 2521 1591 2559 habet
1604 2531 1614 2556 ε
1913 2572 1919 2580 ι

1836 2576 1918 2620 Ogm
