2169 3047
440 233 519 274 ¹27
709 214 1151 278 ANTIQUJY‘-
1199 218 1690 265 MEDII1A12‘V1
1874 233 1952 270 128

374 288 470 322 neque
504 275 587 310 enim
616 276 714 312 Ct'ves
750 282 963 314 tantummodo
981 304 993 320 ,
1029 282 1139 315 vericm
1166 284 1211 319 ΙΑ
1246 294 1330 317 num
1374 283 1553 318 MLXVL
1591 285 1818 318 Torneamema
1845 284 2008 322 invenit.

372 327 468 362 etiam
492 327 688 375 propinqui,
724 329 863 374 fratres,
900 331 1046 377 postrema
1078 343 1139 379 pa-

373 388 474 412 rentes
499 392 535 414 ac
553 377 626 423 filii
646 380 825 426 Lapidibus
846 381 927 415 inter
948 382 982 426 se
1007 383 1040 416 iri
1059 384 1140 417 duas

369 437 478 475 partes
503 429 624 470 divisi,
665 441 720 477 per
745 431 864 477 aliquot
890 433 955 466 dies
982 434 1140 468 continuos

376 490 456 514 certo
492 490 623 526 tempore
658 481 738 515 anni
771 482 966 526 sollemniter
1006 485 1139 519 dimica-

373 530 477 571 bant,
518 531 560 564 (9-
600 531 726 578 quisque
752 542 788 566 ut
823 543 969 579 quemque
991 544 1139 580 poterat,

374 582 554 615 occidebat:
579 583 630 628 egi
656 582 780 628 quidem
804 584 997 629 granditer,
1038 599 1137 632 quan—

373 633 444 664 tiam
470 632 585 674 valui,
627 642 661 666 ut
701 643 767 667 tam
783 634 914 668 *crudele
940 633 987 672 &³
1015 635 1137 670 invete—

375 691 480 716 ratum
517 683 635 717 malum
674 684 712 717 de
747 683 891 718 cordibus
927 685 971 719 (9·
1005 687 1139 721 moribus

373 745 476 766 eorum
502 734 670 768 avellerem
697 732 769 771 &c.
798 732 895 770 Haec
923 736 1138 785 Augustinus

372 782 516 817 circiter
557 785 704 819 Annum
740 784 1010 822 CCCCXXVI.
1051 800 1138 835 quae

370 830 454 867 satis
482 831 670 878 indicant,
708 844 878 883 quantum
921 836 962 871 fit
1004 836 1137 874 virium

371 881 589 919 inveteratae
617 884 888 931 consuetudini,
916 887 967 922 ita
994 896 1035 923 ut
1062 888 1137 923 ani-

371 932 481 968 malia
509 934 647 970 ratione
684 936 839 982 praedita
879 949 950 972 non
979 938 1136 973 animad-

370 992 536 1029 vertant,
577 983 610 1020 se
652 984 690 1020 in
718 985 884 1022 ultimam
921 987 1135 1024 dementiam

371 1033 486 1081 abripi
503 1059 512 1068 .

424 1086 603 1120 Praeterea
631 1086 803 1121 barbarici
841 1086 920 1122 aevi
960 1087 1135 1135 specstacu-

369 1134 445 1169 lum
484 1133 659 1170 familiare
700 1135 840 1172 fuerunt
882 1138 1023 1179 Dueltu,
1069 1137 1135 1174 five

369 1183 556 1233 singularia
583 1186 795 1225 certamina,
823 1186 865 1221 de
890 1187 1016 1234 quibus
1039 1188 1134 1224 ablu-

367 1248 426 1270 rus
455 1236 526 1271 sum
556 1235 593 1271 in
625 1235 872 1272 Differtatione
902 1239 1066 1273 XXXIX.
1097 1240 1136 1273 de

329 1314 331 1317 .
370 1286 507 1321 Duello.
545 1287 593 1320 Ea
622 1287 736 1334 pelam
765 1287 998 1323 habebantur.
1035 1287 1134 1323 Con-

372 1334 503 1370 fluebat
546 1337 698 1383 Populus
741 1337 940 1377 universus,
983 1338 1131 1386 impium

371 1386 654 1434 experimentum
702 1386 913 1434 spe&aturus
939 1400 952 1436 3
1003 1389 1134 1435 ipsique

369 1436 480 1472 etiam
510 1436 763 1484 Imperatores,
794 1441 928 1485 Reges,
965 1451 1004 1473 ac
1034 1440 1133 1473 Prin-

369 1486 488 1534 cipes,
517 1500 625 1534 quum
657 1501 770 1535 pugna
798 1487 913 1523 futura
942 1496 1015 1523 erat
1042 1489 1135 1523 inter

367 1536 505 1573 nobiles
534 1537 654 1581 viros,
698 1538 873 1573 interdum
917 1538 1019 1574 Ludo
1058 1552 1134 1574 cru—

367 1587 440 1622 deli
467 1587 680 1624 intererant.
722 1588 779 1623 Ad
819 1590 1000 1623 Saeculum
1031 1589 1135 1635 usque

366 1650 387 1672 a
414 1636 552 1672 Christo
579 1647 662 1674 nato
685 1640 782 1674 XVI.
807 1638 1040 1674 abominanda
1061 1639 1131 1686 eju-

366 1687 479 1723 smodi
509 1687 726 1725 consuetudo
769 1688 955 1733 manavit,
993 1689 1134 1737 ejusque

367 1739 530 1785 exempla.
574 1748 697 1785 utpote
732 1739 838 1774 obvia
866 1753 884 1774 a
913 1753 968 1774 me
1004 1740 1134 1775 Lefitor

320 1788 322 1790 ’
367 1800 591 1834 nequaquam
629 1788 825 1836 exspeRet.
880 1789 975 1824 Illud
1017 1791 1133 1836 potius

370 1838 716 1874 commemorandum
767 1838 832 1877 est,
883 1852 953 1873 non
995 1839 1132 1887 ignotas

367 1888 513 1935 quidem
543 1888 712 1924 Romanis
732 1887 769 1923 ἃ,
791 1889 934 1924 Graecis
955 1890 1132 1936 antiquis,

367 1938 421 1973 uti
466 1938 648 1986 Vergilius
692 1952 771 1986 prae
812 1938 936 1974 ceteris
965 1938 1132 1985 testatur,

366 1988 468 2023 fuiffe
507 1988 681 2025 restitutas
722 1988 813 2037 post,
856 2002 894 2023 ac
936 1989 1129 2037 supremum

371 2038 486 2087 postea
523 2040 639 2075 locum
684 2040 777 2075 inter
817 2038 976 2086 publicos
1014 2041 1133 2076 Ludos

370 2089 582 2132 obtinuisse,
612 2090 709 2126 fictas
733 2089 812 2124 illas
834 2091 1133 2131 concertationes,

370 2151 460 2186 quae
487 2142 706 2175 Torneamemi
732 2141 765 2175 ὃ(
793 2140 912 2180 Giostre
932 2140 1041 2176 adhue
1063 2143 1132 2177 Ita—

367 2189 438 2224 lice
480 2192 730 2237 appellantur.
783 2190 1009 2226 DoE‘ciffimus
1058 2194 1132 2228 Du-

368 2239 527 2285 cangius
568 2251 644 2277 tum
686 2241 722 2276 in
764 2240 939 2276 Gloffario
973 2242 1132 2281 Latino,

368 2297 446 2325 tum
468 2290 505 2325 in
531 2291 779 2327 Differtatione
800 2292 953 2335 Septima
972 2292 1012 2326 ad
1033 2292 1129 2335 Join·

368 2341 494 2375 villam
514 2365 523 2378 ‚
560 2342 695 2377 erudite
723 2355 784 2390 pro
812 2354 907 2377 more
935 2341 995 2377 suo
1021 2342 1130 2391 origi—

367 2403 449 2426 nem
471 2395 764 2427 Tomeamemorum
785 2392 957 2439 inquirit,
986 2406 1132 2440 eamque

371 2442 508 2485 Gallis,
535 2444 567 2478 &
597 2443 758 2490 singulari
780 2442 886 2478 etiam
908 2443 1016 2477 titulo
1037 2446 1130 2478 Gau-

369 2491 463 2528 frido
506 2495 551 2529 II.
592 2496 748 2528 Domino
792 2493 945 2528 pruliaci
974 2494 1128 2529 tribuit:

370 2543 435 2590 qui
462 2544 543 2580 teste
569 2543 752 2580 Chronico
773 2543 967 2580 Turonenfi
993 2544 1034 2581 ad
1055 2546 1130 2580 An-

1246 332 1386 368 Gallica
1414 332 1570 380 profeAE‘to
1600 346 1692 376 vox,
1734 347 1753 369 a
1791 336 1897 372 verbo
1925 348 2011 371 tour·-

1247 397 1320 427 ner,
1348 383 1517 432 ejusmodi
1547 384 1753 420 sententiam
1796 386 2008 428 confirmat,

1248 443 1381 481 praeter
1409 434 1632 470 Matthaeum
1664 435 1827 471 Parifium
1845 465 1855 480 ‚
1884 438 1944 485 qui
1970 439 2012 473 ad

1247 486 1390 519 Annum
1422 487 1664 521 MCLXXIX.
1694 487 1867 531 Con-fimus
1904 489 2014 523 Galli-

1246 549 1293 569 cos
1332 537 1591 570 Tornearnenta
1634 537 1873 584 nuncupavit.
1915 541 2007 574 Otto

1248 584 1466 633 Frifingensis
1509 587 1590 621 Lib.
1622 587 1723 632 prim.
1753 589 1840 634 Cap.
1886 600 1942 634 17.
1969 589 2011 625 de

1247 635 1357 671 Gestis
1387 635 1580 678 friderici,
1617 639 1819 682 Tyrocinium
1857 650 2013 674 comme-

1248 695 1383 725 morat,
1411 687 1492 732 quod
1517 686 1616 732 vrilgo
1642 700 1724 721 nunc
1749 687 2011 722 Turniamentum

1246 737 1387 772 dte-itur.
1428 738 1529 781 Quae
1567 736 1719 772 Romani
1759 737 1893 773 milites
1920 739 2011 774 olim

1247 787 1284 822 in
1311 786 1388 822 otio
1417 788 1590 834 agebant,
1632 788 1665 821 δ(
1709 799 1796 835 quae
1834 801 1942 836 nuper
1969 789 2010 824 de

1247 837 1469 873 Theoderico
1488 864 1498 881 ‚
1541 837 1680 884 ejusque
1710 838 1886 873 militibus
1915 848 2013 875 attu—

1246 888 1296 928 li,
1323 887 1522 924 rudimenta
1549 888 1719 934 quaedam
1760 887 1858 924 fuiffe
1886 889 2012 925 viden—

1246 946 1304 973 tur
1352 937 1522 984 ejusmodi
1569 937 1782 973 ludicrarum
1834 938 2006 974 decursio-

1246 1001 1354 1037 num3
1393 1001 1480 1035 quae
1508 1001 1526 1023 a
1554 987 1680 1023 turmis
1717 988 1928 1036 equestribus
1955 1003 2012 1025 ar-

1245 1039 1372 1082 matis,
1401 1052 1508 1086 equos
1537 1039 1573 1073 in
1601 1051 1726 1087 gyrum
1769 1038 2010 1086 agitantibus,

1244 1088 1345 1136 seque
1373 1087 1579 1123 ferientibus
1608 1088 1761 1123 invicem
1791 1089 1942 1125 Lanceis
1975 1090 2012 1124 &

1243 1138 1381 1173 Gladiis
1423 1137 1632 1176 hebetibus,
1676 1146 1908 1185 peraguntur.
1946 1138 2012 1174 Sed

1243 1187 1281 1224 &
1309 1187 1414 1223 armis
1441 1187 1616 1222 interdum
1647 1187 1758 1223 acutis
1777 1215 1786 1229 ,
1824 1200 1863 1223 ac
1892 1187 2011 1224 hostili

1244 1252 1350 1286 paene
1388 1251 1483 1273 more
1519 1238 1636 1273 eadem
1681 1237 1879 1274 Hastiludia
1917 1239 2009 1274 olim

1243 1290 1479 1331 habebantur,
1507 1288 1557 1324 ita
1585 1297 1623 1323 ut
1652 1289 1763 1324 Ludis
1784 1287 1877 1324 hisce
1900 1288 2009 1323 etiam

1243 1339 1447 1374 mitioribus
1475 1338 1538 1373 vix
1579 1351 1734 1385 unquam
1773 1337 1855 1374 finis
1883 1338 2009 1373 statue-

1242 1398 1357 1431 retur,
1385 1388 1472 1436 quin
1501 1401 1561 1435 per
1587 1387 1736 1432 alicujus
1773 1388 1905 1423 nobilis
1934 1388 2006 1423 viri

1243 1439 1383 1474 caedem
1411 1438 1589 1484 voluptati
1627 1437 1742 1471 lufftus
1780 1436 2007 1486 succederet;

1243 1490 1285 1523 ab
1312 1488 1390 1524 unis
1418 1488 1512 1522 enim
1543 1487 1736 1520 Nobilibus
1774 1485 1860 1521 viris
1898 1497 2009 1522 certa-

1244 1539 1339 1572 mina
1367 1537 1427 1572 ista
1454 1536 1574 1570 haberi
1603 1535 1881 1572 consueverunt.
1922 1539 2008 1573 Pro-

1244 1598 1358 1634 pterea
1401 1587 1439 1622 in
1481 1586 1651 1621 Concilio
1694 1586 1916 1622 Lateranensi
1961 1590 2006 1624 Π.

1242 1638 1493 1681 oecumenico,
1528 1639 1636 1671 Anno
1664 1639 1907 1672 MCXXXIX.
1937 1640 2008 1673 Ca-

1244 1702 1324 1723 non.
1367 1691 1464 1723 XIV.
1502 1687 1539 1722 in
1578 1687 1735 1722 Remenfi
1775 1690 1881 1723 Anno
1913 1690 2008 1724 Mc-

1243 1740 1413 1774 XLVllI.
1454 1735 1603 1771 Canone
1645 1738 1724 1769 ΧΠ.
1773 1749 1811 1770 ac
1852 1737 1890 1771 in
1927 1738 2009 1773 aliis

1242 1787 1425 1835 permultis
1453 1784 1655 1827 conciliis,
1685 1784 1827 1820 subinde
1858 1787 2007 1822 interdi-

1241 1838 1296 1874 δὶα
1324 1837 1417 1873 fuere
1436 1839 1663 1871 Torneamenta
1683 1847 1839 1882 quaeque
1852 1864 1862 1880 ‚
1890 1851 1929 1872 ea
1949 1837 2007 1872 vi·-

1242 1888 1397 1929 delicet,
1425 1887 1514 1922 unde
1542 1885 1725 1920 hominum
1756 1899 1849 1921 mors
1886 1886 2006 1922 conse-

1241 1939 1302 1986 qui
1331 1947 1485 1986 poterat.
1527 1936 1659 1971 Verum
1697 1935 1813 1971 frustra
1841 1937 2003 1974 obstitere

1242 1989 1412 2024 sacrorum
1444 1986 1641 2023 praesulum
1689 1988 1872 2023 Canones:
1927 1988 2003 2024 usus

1242 2040 1325 2075 adeo
1354 2041 1440 2074 altas
1467 2037 1597 2074 radices
1617 2046 1733 2085 egerat
1748 2065 1758 2081 ‚
1786 2048 1825 2073 ut
1845 2052 1888 2074 ne
1907 2051 2005 2074 com-

1242 2090 1347 2135 primi
1376 2090 1542 2137 quidem‚
1569 2088 1696 2123 nedum
1725 2087 1845 2132 vinci,
1874 2088 1906 2124 se
1931 2088 2007 2136 pas·-

1243 2141 1294 2176 sus
1323 2140 1449 2175 fuerit.
1488 2140 1665 2185 Illumque
1691 2151 1763 2173 non
1790 2138 1858 2173 fine
1880 2152 2003 2181 aemu-

1242 2191 1374 2227 latione
1402 2189 1576 2225 finitimae
1604 2197 1723 2236 gentes
1750 2188 1900 2236 fingulae
1920 2189 2002 2223 ado-

1242 2250 1405 2290 ptarunt,
1431 2240 1523 2288 quod
1554 2238 1735 2285 praecipue
1762 2239 1839 2273 illic
1860 2239 1900 2274 ad
1921 2251 2000 2285 pro-

1242 2292 1389 2327 dendam
1418 2290 1664 2326 fortitudinem
1693 2287 1732 2324 δ(
1752 2289 2000 2324 dexteritatem

1246 2342 1338 2378 suam
1369 2342 1559 2376 illustribus
1587 2340 1672 2375 viris
1711 2340 1824 2374 aditus
1851 2338 2002 2386 aperire-

1242 2403 1319 2428 tur.
1348 2395 1431 2438 Quo
1456 2402 1615 2440 ternpore
1640 2389 1778 2425 invefi'ta
1806 2387 1935 2424 fuerint
1962 2388 2002 2424 in

1244 2444 1384 2478 Italiam
1423 2447 1670 2483 Torneamema‚
1717 2440 1889 2474 incertum
1933 2439 2002 2475 est.

1244 2493 1407 2529 Fortaffis
1446 2505 1562 2528 eorum
1602 2503 1698 2526 amor
1735 2500 1838 2537 atque
1865 2503 1918 2525 ars
1944 2490 2001 2524 in-

1243 2545 1384 2582 valuere
1420 2543 1508 2592 apud
1544 2554 1607 2578 nos
1633 2542 1737 2590 longe
1763 2551 1864 2578 antea
1896 2540 2000 2586 quam

1878 2603 1954 2626 cre-
