2169 3047
247 224 329 270 617

529 206 893 252 DlSSERTATJO
926 200 1406 248 TRJGESJMATERTJ
1417 203 1446 243 4
1457 233 1467 244 .

1669 211 1753 250 618

189 276 420 308 Sarmatarum
477 266 565 303 servi
612 264 753 301 circiter
797 266 941 299 Annum
986 266 1014 299 A
1053 261 1142 296 scere
1171 272 1261 295 nunc
1290 259 1438 295 minime
1466 261 1596 297 liceat.
1633 262 1690 297 Ad
1730 264 1814 301 haec

188 324 272 358 Chr.
302 333 384 369 334.
414 316 583 354 conversis
611 316 648 352 in
677 315 753 350 suos
781 315 943 349 dominos

188 372 315 413 armis,
351 383 408 405 eos
445 383 463 404 e
500 367 623 410 patriis
661 366 795 401 sedibus
823 376 936 400 extur-

188 423 338 464 barunt,
382 419 574 455 Ammiano
611 416 826 452 Marcellino
863 415 943 450 teste

185 472 267 509 Lib.
300 483 356 517 17.
383 472 471 517 Cap.
512 481 567 516 13.
605 467 853 515 Confugerunt
890 466 941 501 isti

184 522 224 557 ad
261 520 530 557 Constantinum
568 521 768 567 Magnum,
806 517 867 564 qui
906 526 944 552 ut

185 572 306 608 aufflor
356 572 401 607 est
450 574 660 615 Anonymus
703 568 904 603 Valefianus
933 595 942 611 ,

180 623 284 666 pulsos
310 622 443 656 libenter
469 622 583 666 accepit
599 648 609 664 ‚
646 618 692 657 (ᾖ
719 620 854 665 amplius
881 629 936 653 tre-

185 684 272 707 centa
299 673 404 707 millia
438 672 594 706 hominum
622 671 728 712 mistae
756 669 871 704 aeratis
898 668 944 707 &⁴

179 724 272 768 sexus
306 734 360 769 per
386 722 574 763 Thraciam,
609 721 791 763 Scytbtam,
830 721 942 753 Mace-

183 773 311 807 doniam
329 800 338 814 ,
367 773 555 817 Italiamque
582 771 720 810 divisit.
753 769 882 804 Tradit
912 769 936 804 i-

184 822 261 857 dem
306 822 518 858 Ammianus
561 821 642 857 Lib.
680 824 738 858 28.
779 819 869 868 Cap.
908 820 941 856 6.

183 872 420 908 Theodosium
478 872 685 920 Magistrum
742 870 898 906 militum
931 898 941 914 ,

185 923 375 958 Theodofii
421 923 568 971 Augusti
611 933 743 971 patrem
771 948 782 965 ,
835 923 941 956 Anno

184 973 250 1008 Ch.
281 985 364 1020 370.
394 974 590 1019 quoscumque
615 974 695 1019 cepit
721 987 757 1006 ex
775 973 939 1007 ,Alaman-

185 1023 256 1060 πίε,
283 1026 326 1057 ad
354 1024 483 1059 Italiam
510 1023 591 1068 J'uffu
618 1024 777 1069 Principis
805 1020 913 1065 misiffe
930 1047 940 1061 ,

184 1074 238 1108 ubi
263 1073 425 1117 fertilibus
453 1074 554 1119 Pagis
579 1076 710 1117 acceptis
740 1073 811 1118 jam
839 1073 934 1105 tribu-

184 1124 261 1157 tarii
305 1124 519 1157 circumcolunt
561 1125 685 1157 Padum
709 1149 718 1158 .
767 1125 938 1169 Pagorum

181 1173 325 1207 nomine
346 1182 478 1208 veteres
498 1186 568 1208 non
591 1172 743 1216 Vicum,
773 1171 826 1207 sed
848 1173 941 1207 mul-

181 1231 296 1258 torum
329 1223 495 1258 vicorum
527 1223 720 1263 unionem,
759 1223 940 1267 latumque

183 1275 254 1320 agri
277 1272 426 1309 trafiium
449 1274 689 1322 designarunt.
718 1273 844 1309 Rursus
869 1275 940 1308 Va—

182 1323 256 1357 lens
294 1324 466 1371 Augustus
506 1327 613 1359 Anno
651 1323 719 1359 Ch.
761 1336 845 1370 377.
886 1324 939 1359 uti

182 1372 303 1408 scribit
345 1374 437 1409 idem
480 1374 719 1417 Ammianus,
760 1375 939 1420 ingentem

182 1422 381 1458 Gothorum
411 1424 546 1471 copiam
566 1452 576 1467 ,
614 1437 700 1471 quos
728 1423 830 1458 vivos
859 1423 940 1459 reli-

183 1481 333 1520 querat,
369 1473 448 1509 circa
485 1475 651 1509 Mutinam
673 1501 682 1516 ‚
721 1474 941 1521 Regiumque,

184 1522 229 1560 ὠ
257 1526 405 1558 Parmam
433 1525 546 1559 Itali-‘a
571 1525 717 1570 Oppida,
746 1538 819 1558 rura
839 1525 940 1558 cultu-

183 1585 230 1606 ros
258 1575 503 1610 exterminavit.
539 1575 573 1610 Si
609 1574 645 1609 in
684 1574 877 1610 Mutinensi
906 1588 941 1609 a-

183 1635 266 1670 gro,
295 1624 441 1672 aliisque
469 1625 699 1661 conterminis
737 1624 942 1666 superessent

183 1674 293 1709 adhuc
322 1688 424 1710 voces
451 1676 610 1724 aliquae,
639 1689 657 1711 a
686 1676 825 1719 populis
851 1676 939 1711 olim

183 1722 235 1759 ibi
263 1725 388 1760 locatis
417 1726 628 1775 importatae
664 1736 769 1774 atque
805 1726 842 1761 in
879 1739 941 1770 po-

182 1773 284 1809 steros
304 1775 468 1819 diffusae,
497 1777 547 1812 nil
570 1778 696 1812 mirum
727 1776 836 1812 foret.
866 1778 939 1813 No-

183 1824 238 1860 vit
274 1826 413 1861 Gallica
455 1840 563 1873 gens,
604 1836 735 1874 quanta
775 1828 941 1875 antiquae

183 1875 408 1911 Britannicae
435 1878 595 1919 Linguae
624 1891 753 1913 merces
781 1880 941 1926 perduret

182 1925 220 1961 in
249 1937 345 1973 parte
380 1926 447 1963 illa·
470 1930 610 1964 Galliae
645 1928 835 1970 Celticae,
873 1930 941 1966 five

181 1977 412 2018 Armoricae,
440 1992 542 2023 quam
572 1980 696 2015 Set-ulo
725 1981 939 2017 Christianae

183 2027 296 2061 Aet-ae
324 2027 484 2072 Quinfi’to
511 2029 732 2066 incolendam
769 2031 941 2077 suscepere

183 2076 345 2113 Britanni
373 2091 391 2113 a
419 2080 613 2116 saxonibus
645 2081 727 2127 pulsi
757 2096 775 2118 e
807 2082 940 2118 sedibus

184 2127 357 2174 propriis:
387 2131 474 2164 unde
502 2132 696 2166 Britanniae
721 2133 849 2167 minoris
877 2147 938 2168 no-

183 2189 264 2212 men
293 2178 428 2226 regioni
455 2180 513 2216 illi
540 2180 693 2217 inditum
722 2182 816 2219 fuit.
848 2185 938 2220 Nul-

184 2227 219 2262 la
245 2227 423 2265 dubitatio
451 2230 516 2271 est,
542 2231 628 2279 quin
653 2233 773 2282 populi
801 2234 838 2270 in
869 2236 938 2270 Ita-

182 2277 269 2312 liam
288 2304 297 2319 ,
326 2280 378 2316 uti
407 2293 517 2327 nuper
543 2282 723 2328 vidimus,
750 2285 939 2328 translati,

181 2327 301 2365 sensim
348 2330 415 2367 sese
458 2332 717 2380 composuerint
766 2336 807 2370 ad
850 2336 938 2371 Lin-

182 2392 284 2427 guam
327 2381 364 2416 in
407 2383 510 2417 Italia
551 2393 637 2419 tunc
673 2384 940 2421 dominantem.

180 2432 235 2466 At
260 2430 360 2468 fimul
390 2433 591 2481 excogitare
628 2434 742 2479 licet,
777 2435 940 2482 irrepfiffe

182 2481 336 2530 aliquam
365 2497 407 2519 ex
440 2497 560 2519 eorum
589 2485 736 2522 vocibus
771 2486 810 2523 in
845 2485 937 2522 indi·

182 2543 348 2578 genarum
382 2534 577 2572 sermonem
593 2562 604 2582 ,
639 2549 746 2586 quam
779 2536 939 2575 interno-

1052 310 1342 353 Commerdum,
1371 320 1410 345 ut
1430 311 1528 350 dixi.
1562 312 1685 359 Populi
1711 314 1813 351 unius

1053 376 1130 398 cum
1160 364 1293 403 altero,
1335 362 1503 397 vocabula
1532 361 1572 396 de
1602 375 1667 397 una
1697 364 1731 397 in
1762 366 1813 400 al-

1052 423 1159 448 teram
1188 412 1366 461 regionem
1396 411 1616 460 transvehit3
1656 426 1694 447 ac
1735 427 1812 458 pro-

1052 474 1167 511 pterea
1208 476 1270 498 nos
1308 464 1349 499 ab
1389 462 1583 509 H1spanis‚
1630 464 1813 511 Gallisque

1051 513 1304 550 recentioribus
1352 515 1519 549 nonnulla
1563 515 1713 550 mutuati
1760 514 1813 550 su-

1051 578 1147 600 mus.
1184 567 1306 610 Atque
1344 564 1397 600 illi
1431 565 1606 605 viciffim,
1645 566 1813 612 quemad-

1051 615 1191 650 modum
1231 614 1268 651 &
1307 616 1502 660 Germani,
1545 615 1580 652 ὃ(
1625 616 1812 661 Britanni,

1050 679 1092 701 ex
1146 666 1268 702 Italica
1316 668 1454 714 Lingua
1499 670 1626 703 multas
1669 666 1810 703 hausere

1019 729 1176 758 avoceS,
1219 730 1261 752 ex
1299 717 1425 764 quibus
1463 719 1654 753 nonnullae
1691 728 1811 765 aperte

1050 767 1202 814 produnt
1220 767 1394 816 originem
1425 769 1608 811 Italicam,
1638 769 1726 804 aliae
1749 782 1811 804 ve-

1050 831 1088 853 ro
1105 845 1115 861 ,
1143 831 1214 852 non
1242 817 1345 854 facile
1373 819 1571 867 agnoscitur
1608 819 1665 854 cui
1693 819 1812 867 regio-

1049 868 1085 902 ni
1129 867 1222 903 suam
1265 869 1491 905 nativitatem
1534 870 1705 905 debeant.
1743 870 1809 906 Sed

1049 918 1108 953 ubi
1155 918 1192 954 in
1234 920 1443 955 Germanica
1486 933 1627 968 quoque
1667 922 1810 968 Lingua

1049 981 1171 1004 vocem
1197 970 1429 1014 offendimus,
1457 983 1546 1018 quae
1570 971 1695 1011 nobis,
1722 972 1811 1006 Gal-

1047 1018 1113 1061 lis,
1152 1028 1212 1054 aut
1239 1021 1370 1069 Anglis
1397 1021 1596 1056 communis
1631 1021 1696 1060 est,
1736 1022 1810 1069 ple-

1046 1081 1194 1116 rumque
1236 1069 1376 1118 scopum
1415 1073 1629 1120 attingemus
1654 1096 1665 1111 ‚
1706 1071 1810 1107 illam

1046 1117 1231 1165 opinantes
1259 1121 1489 1156 Germanicae
1527 1123 1667 1168 potius,
1703 1135 1811 1169 quam

1047 1168 1191 1203 alterius
1228 1169 1399 1218 originis.
1437 1171 1540 1219 Apud
1575 1171 1809 1219 Menagium,

1046 1218 1136 1254 dicis
1157 1219 1293 1260 caussa,
1320 1221 1464 1269 longam
1492 1221 1726 1269 quaestionem
1749 1221 1813 1257 ha-

1048 1270 1125 1309 bes,
1165 1270 1254 1306 unde
1282 1272 1426 1314 Masit'no
1462 1271 1547 1307 idest
1574 1271 1724 1319 Moloffus
1752 1286 1811 1309 ca-

1047 1321 1100 1356 nis
1114 1348 1123 1363 ,
1144 1321 1335 1368 prodierit.
1362 1324 1481 1358 Petrus
1502 1322 1642 1360 Lieslna
1664 1337 1681 1359 a
1702 1325 1812 1359 Grae-

1047 1385 1089 1406 co
1123 1379 1258 1413 Marivm,
1285 1375 1463 1420 Indagare,
1485 1374 1700 1421 Investigare‚
1721 1374 1812 1411 hanc

1047 1434 1193 1460 vocem,
1221 1424 1433 1459 reclamante
1461 1425 1621 1464 ratione,
1661 1425 1812 1461 deduce-

1047 1471 1126 1508 bat.
1168 1475 1248 1508 Non
1287 1474 1382 1509 enirn
1424 1475 1597 1520 peculiare
1635 1475 1809 1524 ejusmodi

1047 1535 1172 1559 canum
1208 1523 1253 1559 est
1290 1536 1413 1559 munus
1451 1525 1645 1571 Investigare
1686 1525 1807 1574 feras;

1047 1570 1084 1606 &
1113 1572 1134 1607 fi
1164 1573 1304 1620 quidem
1334 1574 1371 1608 in
1399 1573 1575 1619 aliquibus
1604 1575 1726 1611 Libris
1747 1589 1809 1611 ve-

1048 1630 1157 1658 terum
1189 1623 1406 1672 Scriptorum
1434 1624 1598 1665 Mastivus
1625 1625 1806 1666 occurrit,

1047 1672 1083 1707 id
1125 1672 1254 1708 fastum
1292 1674 1334 1709 ad
1376 1687 1535 1710 normam
1577 1676 1737 1712 Gallicae
1771 1677 1808 1712 8<

1048 1724 1222 1771 Anglicae
1249 1724 1430 1767 Linguae,
1457 1725 1585 1772 quibus
1614 1726 1661 1762 est
1687 1728 1811 1769 Masti-

1045 1774 1074 1816 [ι
1101 1775 1134 1809 &
1165 1775 1291 1818 Maseif.
1322 1778 1445 1822 Neque
1486 1775 1635 1812 fortaffis
1662 1778 1810 1826 antiqua.

1049 1838 1119 1860 vox
1149 1825 1238 1873 apud
1266 1827 1416 1861 Graecos
1439 1832 1555 1867 μοιςὲυειι
1581 1827 1729 1863 nostram
1751 1841 1811 1875 pe-

1049 1876 1140 1917 perit
1157 1900 1167 1914 ,
1202 1889 1310 1923 quum
1339 1879 1587 1914 tantummodo
1615 1878 1705 1926 apud
1733 1881 1808 1915 He-

1048 1926 1207 1972 sychium
1234 1927 1352 1963 eadem
1380 1939 1564 1969 occurrat,
1600 1927 1639 1965 &
1667 1929 1731 1966 alii
1758 1931 1811 1966 le-

1049 1987 1132 2025 gant
1159 1982 1295 2018 μιαςέιειν-
1325 1979 1452 2015 Parum
1478 1993 1618 2027 quoque
1647 1979 1745 2015 felici
1773 1993 1811 2016 a-

1049 2029 1190 2065 cumine
1216 2029 1438 2066 Covaruvias
1465 2044 1483 2065 a
1510 2030 1646 2067 Latino
1676 2031 1810 2066 Mixtus

1049 2079 1214 2116 eliciebat
1243 2079 1428 2122 Mastinus.
1465 2081 1637 2117 Omnium
1666 2095 1751 2117 vero
1778 2082 1812 2118 i-

1050 2130 1283 2176 neptiffimam
1311 2132 1579 2180 Etymologiam
1620 2131 1811 2182 Menagius

1050 2181 1270 2230 excogitavit
1298 2209 1309 2225 ‚
1360 2195 1482 2218 vocem
1526 2182 1622 2218 istam
1665 2192 1725 2219 aut
1766 2196 1812 2221 ex

1051 2231 1194 2277 Maffata
1212 2231 1396 2276 derivans,
1423 2243 1485 2269 aut
1503 2247 1522 2269 a
1546 2232 1718 2278 Malanios,
1746 2233 1812 2270 hac

1052 2281 1186 2319 scilicet
1220 2283 1309 2319 scala
1346 2283 1463 2332 lepide
1498 2283 1596 2320 usus:
1637 2283 1812 2329 Moloffus,

1051 2334 1207 2369 Mototms
1222 2362 1233 2378 ‚
1261 2335 1454 2369 Molottinus
1468 2360 1479 2376 ,
1507 2335 1701 2375 Molottino,
1730 2338 1813 2370 Ma-

1051 2385 1193 2429 lattt'no,
1230 2385 1383 2425 Marino,
1418 2389 1481 2421 Ma
1512 2387 1585 2421 ina.
1624 2385 1732 2423 Nihil
1766 2386 1813 2423 est

1051 2436 1143 2483 quod
1164 2449 1230 2485 ego
1255 2436 1294 2472 in
1314 2436 1408 2472 hisce
1428 2437 1652 2473 confutandis
1674 2446 1811 2485 tempus

1051 2495 1182 2524 teram.
1218 2489 1320 2533 Quae
1346 2501 1422 2522 mea
1448 2488 1573 2537 opinio
1601 2488 1642 2524 fit
1669 2487 1812 2536 accipe,

1051 2549 1157 2586 quarn
1183 2547 1303 2575 tamen
1329 2546 1460 2575 certam
1496 2538 1663 2589 praestare
1697 2540 1813 2585 nolo,

1701 2587 1759 2626 sed
