2169 3047
402 247 481 289 ¹39

661 228 1103 287 ANTIQULT.
1155 226 1403 270 MEDII
1456 228 1648 272 AEVI

1828 246 1908 287 140

333 291 368 326 in
396 294 497 333 Sala,
522 289 559 337 Ia
584 289 676 336 quale
701 291 736 324 a!
759 290 898 334 presente
921 291 949 330 [ἱ
975 290 1096 323 chiama
1133 291 1165 326 A
1208 286 1344 336 cipibus
1371 287 1453 324 inde
1480 290 1697 324 recederent.
1734 289 1849 325 Immo
1877 303 1965 338 quae

331 342 382 379 de'
398 340 528 388 signori
564 342 601 375 di
641 343 761 377 Notte.
804 343 836 375 Ε
877 341 902 374 il
929 343 1017 387 Doge
1043 354 1096 374 con

330 394 382 440 gli
407 392 488 428 altri
509 391 608 437 primi
633 392 719 426 della
745 392 837 426 Cina
872 390 1096 436 co’Brazolari

333 443 368 478 ἱη
395 456 487 478 mano
530 454 684 490 traggano
725 452 826 477 contro
852 443 983 480 alcuni,
1019 455 1097 475 come

331 494 486 536 castelli,
523 495 625 528 renuti
663 493 697 528 in
739 506 830 527 mano
865 504 921 537 per
942 492 994 538 gli
1020 496 1096 526 Scu-

332 545 414 580 ὀίενί
438 546 491 579 del
520 548 626 592 Doge,
663 544 696 578 in
729 544 824 589 segno
863 543 949 577 della
985 543 1097 577 rovina

333 594 570 637 de’Caflellani
596 595 682 629 della
708 596 849 633 Patria„
872 596 992 627 Tamen
1016 594 1096 626 deni

333 647 508 691 Brazolari
533 646 567 681 al
592 646 729 690 presente
755 657 815 678 non
838 643 868 684 si
887 644 990 677 tirano
1014 644 1097 690 pit).-

333 710 386 731 »ια
413 698 438 730 il
465 697 632 732 Patriarca
657 696 774 731 manda
809 705 924 741 quanto
950 695 968 727 ὲ
993 704 1098 728 notato

334 747 370 781 di
391 747 506 793 sopra,
533 761 548 781 e
569 747 600 788 fi
623 748 659 790 fa
685 748 719 780 la
745 746 843 780 caccia
870 744 943 782 &a
982 746 1021 779 In
1058 757 1096 779 ea

331 809 472 844 quoque
498 797 634 842 inclyta
663 796 763 832 Urbe
805 794 909 842 usque
950 794 989 830 ad
1017 796 1095 830 An-

332 860 417 884 num
459 849 772 883 MCCCLXXIX.
816 845 1016 894 perduravit
1045 845 1092 880 fe-

331 898 398 934 stus
425 898 500 934 dies
529 898 748 941 Mariarum,
785 910 891 945 quum
931 896 1093 944 lingulati

332 948 571 985 aemulatione
597 948 773 984 interdum
804 947 986 983 duodecim
1011 949 1093 982 Vir-

331 999 431 1049 gines
459 999 573 1035 sumtu
601 1013 639 1035 ac
663 1000 786 1047 pompa
807 998 1010 1034 incredibili
1038 1012 1093 1033 or·
1120 1013 1123 1048 ι

331 1060 498 1086 narentur
539 1063 577 1087 ac
623 1050 874 1085 deducerentur
918 1062 977 1097 per
1021 1048 1094 1084 Ur-

331 1100 434 1138 bem:
465 1102 564 1149 cujus
590 1099 850 1136 consuetudinis
888 1099 1093 1146 descriptio-

331 1164 410 1187 nem
433 1151 536 1187 habes
558 1152 646 1199 apud
663 1165 772 1199 nuper
791 1150 968 1186 laudatum
989 1153 1093 1185 fran-

1208 339 1373 386 pretiolae
1404 339 1505 374 vestes
1543 340 1635 375 dono
1676 339 1797 375 iisdem
1831 341 1966 376 Princi-

1207 388 1305 437 pibus
1333 390 1585 434 offerebantur,
1623 392 1659 426 in
1688 390 1766 426 istos
1795 392 1967 439 nugiven-

1206 440 1305 474 dulos
1332 441 1462 475 effundi
1491 441 1559 476 fere
1588 441 1718 487 semper
1739 443 1964 478 consuevere.

1208 491 1239 525 ls
1267 491 1360 526 enim
1390 504 1508 526 eorum
1540 503 1735 539 temporum
1766 506 1840 528 mos
1870 493 1965 533 fuit,

1160 543 1165 547 '
1208 549 1245 576 ut
1272 541 1333 587 qui
1363 542 1511 577 Nobiles
1533 542 1600 577 viri
1623 544 1663 578 ad
1686 543 1846 591 nuptias,
1875 546 1964 580 alia-

1138 747 1165 780 B

333 1201 464 1238 ciscurn
493 1201 722 1238 sansovinum
754 1201 836 1238 Lib.
873 1213 929 1237 12.
968 1204 1093 1236 Venet.
1132 1198 1165 1235 C

330 1253 506 1300 Descript.
546 1253 586 1289 Ιιι
625 1252 837 1296 praelaudati
875 1251 1009 1287 Marini
1038 1254 1092 1287 Sa·
1122 1257 1125 1309 ξ

330 1303 410 1340 nuti
431 1303 585 1340 Historia
608 1305 765 1346 Veneti,
794 1303 853 1338 sub
877 1305 979 1338 Petro
1001 1304 1093 1338 Can·
1122 1319 1125 1378 ι

331 1354 438 1390 diano
468 1357 566 1391 Duce
592 1368 664 1391 non
692 1355 794 1391 vivae
825 1354 1010 1402 Virgines,
1039 1354 1093 1388 sed

330 1404 510 1442 simulacra
553 1405 742 1454 Virginum
795 1405 910 1452 lignea
958 1404 1125 1450 portatal

330 1455 429 1492 fuifl'e
474 1456 659 1492 dicuntur.
712 1458 765 1491 Ita
817 1457 924 1489 Anno
965 1456 1092 1490 MCC-

329 1509 496 1543 Lxxxx.
536 1505 772 1542 Bononienses
820 1518 878 1550 per
919 1505 1092 1551 prodivio-

327 1571 406 1593 nem
438 1558 643 1593 Faventiam
673 1555 836 1605 ingreffi,
864 1568 902 1590 ac
924 1556 1092 1591 Lamber-

325 1608 431 1643 taciis
459 1608 667 1650 trucidatis,
695 1617 754 1642 aut
774 1607 855 1642 inde
875 1606 1092 1651 exturbatis,

328 1657 555 1694 instituerunt
591 1659 624 1693 la
654 1658 736 1702 festa
775 1660 861 1692 delta
904 1657 1091 1697 Porciam,
1122 1658 1167 1692 *D

326 1722 432 1755 quam
461 1709 571 1744 adhuc
599 1718 796 1744 recurrente
823 1708 878 1743 die
905 1707 987 1743 festo
1008 1710 1089 1743 San-

326 1759 374 1795 &i
402 1759 667 1795 *Bartholomaei
693 1758 902 1795 observant.

379 1811 432 1844 De
472 1810 580 1844 Curiis
621 1819 736 1844 autem
767 1819 850 1843 tunc
878 1808 1061 1845 celebratis
1079 1832 1088 1847 ,

325 1859 394 1895 five
422 1861 511 1894 Carti
537 1860 687 1898 bandite,
715 1859 803 1894 illud
831 1859 917 1894 mihi
940 1859 1088 1894 minime

325 1909 611 1947 dissimulandum
634 1909 699 1949 est,
722 1909 888 1944 videlicet
910 1908 979 1944 fere
1001 1909 1084 1943 sem-

323 1975 385 2011 per
411 1960 486 1996 illis
514 1959 706 1996 interfuisse
743 1960 964 2003 Mimmum,
1001 1958 1084 1995 Cir-

323 2014 549 2054 culatorum‚
589 2011 911 2053 Funambulorum‚
948 2012 1086 2045 Scurra—

323 2076 401 2100 rum
419 2091 429 2106 ‚
459 2064 698 2109 Agyrtarum‚
725 2060 928 2097 Ludionum
945 2085 956 2100 ,
985 2074 1022 2095 ac
1051 2061 1086 2096 id

323 2126 429 2162 genus
457 2113 606 2147 aliorum
637 2111 842 2150 hominum,
871 2111 929 2158 qui
960 2111 1086 2147 lusibus

323 2163 420 2206 suis,
448 2161 524 2196 ,slve
561 2162 747 2197 cantilenis
791 2171 865 2196 tum
910 2163 1083 2197 Palatium

324 2224 398 2250 tum
431 2213 602 2259 Populum
646 2212 707 2247 diu
742 2211 894 2248 noetuve
930 2213 1086 2248 offleffla-

324 2267 430 2301 bant.
473 2264 615 2297 Giulluri
643 2276 660 2296 a
689 2262 834 2300 Tuscis,
870 2265 903 2297 ὅ(
932 2263 1085 2297 Gvocolari

322 2314 634 2361 nuncupabantur,
661 2314 694 2348 &
724 2313 811 2360 apud
841 2313 990 2348 Latinos
1011 2313 1082 2360 ejus

322 2366 399 2403 aevi
429 2364 646 2411 Scriptores,
667 2365 832 2408 Joculares
859 2362 896 2398 &
916 2366 1084 2407 soe-alato·

320 2431 367 2452 res
395 2415 595 2451 nominatos
625 2414 760 2449 videas.
792 2416 895 2458 Quod
927 2414 1081 2460 stupeas,

321 2476 394 2504 erat
422 2465 618 2512 hujusmodi
649 2464 853 2500 sannionum
898 2477 936 2499 ac
975 2466 1081 2498 nebu-

322 2520 443 2554 lonum
498 2528 536 2550 ea
591 2514 804 2550 existimatio
845 2513 881 2550 ἃ
920 2514 1080 2553 fortuna,

324 2579 363 2605 ἰε
390 2565 657 2615 nunquammfi
680 2567 765 2604 bene
786 2564 906 2602 donati
926 2578 946 2604 a
982 2564 1082 2601 Prin-

1133 2109 1159 2141 E
1199 2108 1277 2144 dere
1305 2107 1439 2143 Scurris
1468 2119 1505 2142 ac
1527 2108 1589 2142 Mu

1209 604 1248 626 ve
1275 591 1432 626 solennia
1464 592 1664 639 Principum
1687 596 1964 635 conveniebant,

1208 641 1366 676 manibus
1407 642 1527 677 vacuis
1564 643 1712 678 minime
1739 646 1967 684 accederent,

1209 692 1260 727 sed
1292 691 1416 740 singuli
1437 692 1572 740 aliquid
1596 693 1763 728 testandae
1785 695 1966 730 amicitiae

1207 754 1265 778 aut
1306 743 1464 789 obsequii
1507 744 1620 778 caussa
1660 744 1883 780 conferrent.
1930 745 1967 782 Si

1206 793 1282 828 otio
1310 794 1482 832 abundas,
1511 795 1586 841 lege
1613 808 1700 841 quae
1723 796 1965 832 Benevenutus

1209 844 1442 892 Aliprandus‚
1462 844 1587 880 infelix
1610 845 1663 880 sed
1686 845 1857 881 veridicus
1882 848 1966 882 Poe—-

1206 907 1241 931 ta
1269 896 1306 930 in
1334 895 1504 930 Chronici
1535 896 1723 931 Mantuani
1752 896 1829 931 heic
1865 899 1967 933 evul-

1206 946 1309 993 gandi
1338 946 1419 981 Lib.
1451 958 1482 981 ι.
1511 944 1600 988 Cap.
1636 958 1694 993 35.
1723 955 1862 990 narrat,
1899 948 1965 985 hoc

1206 996 1251 1031 est
1277 996 1443 1031 illustrem
1473 996 1640 1041 Curiam,
1681 997 1714 1031 la
1737 1011 1820 1043 gran
1847 1001 1965 1044 Corte,

1207 1047 1362 1082 habitam
1405 1047 1575 1083 Mantuae
1603 1050 1710 1082 Anno
1740 1050 1965 1086 MCCLXL.

1205 1110 1275 1145 quo
1304 1108 1459 1144 tempore
1487 1100 1672 1146 Gonzagae
1693 1098 1825 1134 ibidem
1849 1100 1967 1135 domi-

1206 1158 1327 1184 nantes
1356 1161 1424 1183 non
1455 1162 1537 1183 unas
1564 1149 1704 1192 nuptias
1726 1150 1964 1187 celebrarunt.

1205 1200 1308 1236 Tunc
1337 1199 1426 1234 varii
1457 1199 1580 1234 Italiae
1603 1199 1804 1246 Principes,
1832 1210 1966 1248 praete-

1206 1263 1330 1297 reaque
1372 1250 1518 1285 Nobiles
1559 1250 1812 1297 quamplurimi
1856 1251 1965 1296 viri,

1205 1313 1352 1347 quorum
1382 1301 1525 1336 nomina
1554 1300 1733 1349 sigillatim
1763 1301 1812 1336 ibi
1846 1315 1966 1337 recen-

1205 1351 1340 1394 sentur,
1369 1352 1527 1387 obtulere
1556 1351 1719 1399 pretiosas
1750 1352 1873 1388 vestes.
1897 1355 1965 1388 Eas

1207 1402 1295 1436 Robe
1324 1402 1448 1437 Italica
1474 1402 1614 1450 Lingua
1643 1403 1864 1450 appellabat.
1909 1403 1966 1439 Ut

1204 1462 1319 1488 autern
1351 1454 1455 1487 Poeta
1484 1452 1555 1495 ait,
1584 1452 1643 1487 sub
1672 1454 1773 1488 unius
1797 1453 1882 1487 Robe
1902 1467 1967 1489 no-

1205 1502 1300 1537 mine
1337 1502 1525 1537 veniebant
1573 1504 1706 1545 Vestito,
1748 1504 1966 1548 cammada,

1203 1555 1432 1587 Guarnascione
1444 1580 1454 1595 ,
1475 1553 1657 1592 Mantala»,
1673 1555 1862 1599 Cappuccio.
1884 1554 1965 1591 Alii.

1205 1606 1287 1638 verb
1315 1602 1495 1651 generosos
1523 1616 1651 1650 equos,
1689 1604 1751 1639 alii
1791 1615 1965 1652 praeterea

1204 1664 1364 1703 argentea
1406 1653 1510 1698 vasa,
1552 1664 1610 1689 aut
1652 1655 1801 1690 monilia
1843 1654 1965 1703 largiti

1205 1705 1305 1752 sunt3
1344 1718 1430 1751 quae
1468 1703 1597 1751 singula
1640 1705 1852 1748 Aliprandus
1879 1719 1965 1742 enu-

1206 1764 1337 1796 metat,
1379 1755 1430 1789 ita
1471 1762 1518 1788 ut'
1537 1755 1596 1799 qui
1627 1763 1682 1788 tot
1708 1755 1877 1789 donorum
1908 1769 1965 1791 ca-

1205 1806 1359 1852 talogum
1389 1805 1481 1851 legat
1509 1802 1546 1841 &
1576 1802 1784 1844 confideret,
1815 1815 1964 1849 nequeat

1204 1868 1273 1890 non
1303 1854 1422 1889 mirari
1452 1855 1594 1889 illorum
1625 1864 1820 1897 temporum
1851 1869 1966 1892 mores

1203 1919 1221 1941 a
1258 1905 1379 1940 nostris
1407 1905 1512 1942 adeo,
1534 1903 1734 1941 diffimiles.
1778 1905 1839 1940 S'ed
1878 1906 1964 1951 quid

1169 1948 1331 2006 {facium
1372 1955 1413 1991 de
1454 1964 1508 1990 tot
1550 1954 1623 1989 illis
1652 1955 1797 1990 vestibus
1835 1970 1964 2000 magno

1202 2007 1328 2049 emtis,
1357 2019 1395 2041 ac
1424 2004 1660 2041 liberaliffime
1687 2005 1850 2042 collatis?
1895 2009 1961 2043 Eas

1201 2057 1311 2093 rursus
1340 2056 1528 2092 Mantuani
1559 2056 1736 2104 Principes
1773 2057 1866 2092 dono
1902 2059 1961 2093 de-

1595 2105 1690 2142 ficis.
1719 2107 1853 2156 Accipe
1876 2109 1960 2144 Aii-

1201 2158 1323 2208 prandi
1351 2158 1454 2193 verba
1480 2159 1565 2206 Cap.
1596 2157 1655 2204 36.

1249 2263 1346 2294 Tune
1371 2259 1400 2293 le
1429 2260 1513 2294 Robe
1537 2259 1628 2306 sopra
1655 2260 1811 2296 nominate

1299 2309 1417 2344 furon’
1431 2311 1463 2343 in
1490 2320 1571 2344 tutto
1591 2310 1757 2345 trent’otto
1776 2325 1792 2344 e
1807 2320 1957 2355 trecento,

1298 2359 1499 2407 A’Buffom'
1524 2375 1540 2395 e
1566 2363 1711 2396 sanatori
1736 2363 1866 2396 donate.

1198 2461 1361 2497 Viciffim
1390 2464 1473 2497 vero
1500 2461 1538 2498 &
1566 2461 1625 2508 ipsi
1655 2463 1840 2496 Gonzwae
1877 2475 1956 2506 erga

1197 2513 1327 2547 multos
1365 2513 1499 2548 nobiles
1541 2511 1634 2546 viros
1679 2511 1862 2547 munifins
1890 2511 1957 2547 sese

1196 2564 1401 2611 praebuere,
1428 2571 1466 2600 ut
1493 2561 1588 2600 idem
1614 2563 1720 2599 Poeta
1744 2565 1873 2600 tradit,
1895 2561 1958 2609 qui

1833 2626 1912 2650 nar-
