2169 3047
379 217 460 254 299

318 273 440 308 grum,
469 259 592 309 justum
621 259 658 297 Sc
687 262 849 311 injustum
872 263 962 299 reete
983 262 1073 312 poss'e

318 310 551 359 distinguere.
608 315 729 361 Atque
785 315 919 350 utinam
970 328 1074 351 nemo

317 373 410 397 nunc
438 361 500 398 nisi
531 362 615 399 bene
642 364 764 401 doetus
793 366 988 413 judicaret,
1016 375 1075 402 aut

319 425 424 448 nemo
453 413 506 449 sua
537 414 680 451 scientia
707 416 811 453 hodie
852 419 1076 457 abuteretur,

318 473 358 498 ut
386 463 535 512 justitiae
563 466 732 502 trutinam
763 468 799 503 in
827 467 921 504 suam
944 479 1074 517 partem

316 527 538 563 quocumque
581 517 682 564 pafflo
723 517 936 555 inclinaret.
990 519 1075 555 Uti-

316 577 397 600 nam
436 579 575 613 quoque
613 568 720 603 nullis
762 570 862 605 affe&
882 571 944 606 bus
985 570 1075 618 rapti

318 629 470 662 unquam
498 616 636 659 Judices
678 632 764 654 aevo
793 620 905 655 nostro
940 618 1074 657 senten-

317 666 385 701 tias
414 665 565 702 ferrent.
594 668 692 714 Quin
720 670 807 705 olim
835 671 986 720 justitiae
1011 671 1076 708 ali-

316 717 457 763 quando
497 717 717 764 efficeretur,
759 724 971 770 quamquam
1005 736 1074 759 non

314 767 460 813 sponte,
507 769 549 803 ab
586 770 739 807 indoffis
781 772 1074 822 MagistratibuS,

315 830 441 866 negare
468 831 532 867 ego
560 820 699 856 nolim:
745 822 919 860 incertum
957 834 1074 862 tamen

316 868 388 913 est,
434 883 573 907 raro-ne
610 884 652 907 an
690 872 787 919 saepe
830 876 1074 922 contingeret.

316 921 424 956 Nunc
452 923 569 957 nullus
597 922 780 960 dubitandi
810 927 907 963 locus
934 927 1004 967 est,
1031 941 1074 963 an

315 984 335 1006 a
364 970 627 1020 Magistratibus
656 984 852 1023 temporum
882 978 1073 1014 nostrorum

315 1035 425 1069 aequa
454 1021 585 1071 semper
613 1025 741 1073 judicia
763 1027 937 1072 ferantur,
965 1043 1075 1077 quan-

315 1073 362 1107 do
390 1073 550 1119 quotidie
579 1078 848 1124 Appellantium
879 1093 982 1116 voces
1016 1094 1075 1116 au-

315 1123 432 1158 dimus
454 1127 766 1173 conquerentium,
794 1128 981 1166 sententias
1004 1131 1073 1179 jam

315 1175 562 1222 pronuntiatas
590 1176 766 1221 falsitate,
794 1179 1012 1228 iniquitate,
1039 1183 1073 1216 δε

313 1224 483 1273 injustitia
513 1227 706 1269 abundare,
734 1239 839 1278 atque
859 1232 896 1266 in
917 1232 1073 1267 eamdem

313 1289 387 1312 rem
427 1276 584 1314 videmus
627 1280 721 1316 varia
773 1291 878 1329 atque
918 1282 1074 1330 opposlta

313 1327 474 1370 Judicum
504 1328 640 1366 decreta
670 1331 832 1378 prodire,
860 1346 1071 1380 quamquam

314 1377 505 1413 nostrorum
535 1390 734 1427 temporum
776 1381 924 1419 scientia
954 1393 1073 1420 tanto—

312 1442 392 1477 pere
419 1431 636 1466 extollatur.

364 1481 505 1528 Duplex
547 1489 661 1517 autem
704 1482 922 1526 judiciorum
965 1497 1072 1533 genus

311 1530 495 1579 praecipue
533 1532 697 1568 novimus
738 1534 825 1569 olim
865 1535 1068 1582 peraestum:

310 1581 456 1616 Mallum
498 1581 688 1627 videlicet,
729 1584 762 1618 δε
807 1585 988 1634 Placitum;
1031 1584 1070 1621 &

310 1631 492 1679 publicum
521 1632 664 1679 quidem
693 1643 902 1683 utrumque,
931 1636 998 1671 hoc
1026 1637 1071 1671 est
1104 1655 1106 1664 ι

310 1695 426 1718 coram
459 1684 593 1730 Populo
621 1684 780 1721 habitum
799 1713 809 1730 ‚
852 1686 955 1722 venia
981 1686 1072 1723 faeta

310 1732 520 1780 cuicumque
549 1736 708 1771 accedere
735 1737 768 1771 &
798 1737 918 1773 audire
948 1739 1068 1773 volen-

309 1782 365 1818 ti.
412 1784 475 1820 Sed
527 1784 612 1831 quid
653 1785 746 1821 inter
788 1786 821 1823 se
861 1788 1069 1832 differrent,

308 1834 462 1877 Istallus,
492 1847 530 1869 ac
558 1836 745 1884 Placitumg
788 1837 919 1883 quidve
945 1838 1070 1874 liceret

308 1884 346 1919 in
375 1897 471 1928 uno,
499 1885 590 1932 quod
619 1899 690 1920 non
718 1887 841 1923 liceret
868 1887 905 1922 in
934 1889 1068 1932 altero,

307 1947 378 1969 non
409 1934 489 1970 satis
528 1936 660 1983 liquet.
700 1937 834 1980 Voffii,
872 1937 1068 1987 Bignonii,

307 1985 472 2029 Baium,
501 1984 538 2021 ἃ
570 1986 778 2036 Du—Cangii
808 1987 978 2024 sententia
1001 1990 1068 2034 est,

307 2037 431 2071 Mallos
475 2035 543 2073 five
583 2038 723 2079 Malla,
766 2038 864 2074 fuisse
908 2039 1067 2087 publicos

308 2096 526 2128 conventus,
568 2087 604 2123 in
648 2102 718 2135 quo
761 2090 909 2137 majores
938 2091 1068 2127 caussae

310 2137 611 2185 disceptabantur.
640 2140 755 2187 Hujus
784 2141 833 2175 rei
864 2141 986 2186 Papias
1007 2155 1067 2176 an-

308 2187 428 2235 tiquus
456 2190 719 2224 Grammaticus
755 2190 848 2225 testis
888 2191 1067 2228 adfertur.

307 2239 473 2274 Baluzius
502 2252 585 2274 vero
613 2241 733 2275 Tomo
775 2242 821 2276 ΙΙ.
848 2254 925 2290 pag.
959 2254 1065 2290 1193.

307 2290 506 2337 capitular.
560 2293 642 2338 Reg.
682 2293 847 2327 Francor.
897 2293 1064 2328 vetustam

306 2340 536 2388 marginalem
561 2351 678 2376 notam
703 2341 855 2389 profert,
883 2343 940 2378 ubi
968 2345 1063 2380 Mal-

304 2391 360 2426 lus
385 2392 530 2437 generale
556 2393 713 2426 Placitum
740 2392 928 2437 definitur,
956 2394 1006 2430 ita
1027 2404 1066 2430 ut

305 2443 426 2476 Placm'
452 2442 596 2478 nomine
625 2442 900 2490 fignificarentur
927 2444 1064 2481 minora

306 2491 465 2535 Judicia‚
504 2494 639 2540 Populo
668 2493 815 2530 minime
844 2494 884 2530 ad
913 2508 950 2531 ea
979 2509 1063 2530 con-

306 2552 454 2584 vocato,
482 2542 630 2594 habitag
676 2546 780 2581 Malli
805 2555 922 2583 autem
951 2547 1062 2596 majo-

641 199 1625 260 ANTJQUJT.MED11AEV1

1804 223 1885 264 30⁰

1116 262 1150 297 A
1190 274 1248 306 ra,
1275 261 1316 297 ad
1344 276 1430 312 quae
1458 264 1618 301 universa
1647 265 1747 302 Plebs
1768 265 1945 305 invitaba-

1115 1177 1149 1213 C

1192 321 1266 349 tur.
1298 315 1447 352 Proinde
1474 329 1551 352 raro
1578 317 1709 362 Malli,
1737 317 1833 367 saepe
1862 324 1944 356 veri>

1191 365 1315 400 Placita
1343 365 1576 405 habebantur.
1614 368 1648 404 Si
1677 369 1852 419 originem
1881 384 1946 407 vo-

1191 414 1240 451 cis
1269 417 1384 464 petis,
1428 419 1508 454 audi
1549 419 1599 456 Hi
1624 420 1755 457 kefium
1800 422 1850 458 ita
1891 423 1947 458 lo-

1190 477 1352 513 quentem
1381 471 1489 505 Tom.
1513 472 1558 506 11.
1586 471 1753 508 Thesaur.
1773 472 1944 522 Linguar.

1190 519 1380 556 Veterum:
1428 522 1488 556 Ab
1524 521 1740 557 Alamannia,
1789 522 1944 569 Mahal,

1190 567 1290 603 Mahl
1307 596 1316 612 ,
1343 569 1472 604 Curia:
1499 575 1580 616 quod
1605 586 1626 605 a
1652 572 1778 606 Gothico
1806 573 1944 611 Mathls

1189 621 1305 652 Forum
1322 647 1332 663 ,
1369 621 1478 654 Marci
1503 633 1538 667 7.
1565 622 1645 665 vers.
1678 635 1712 669 4.
1742 626 1858 658 Forum
1883 638 1944 660 au-

1187 680 1246 704 tem
1274 671 1382 705 Gothis
1411 670 1547 707 Mathls
1575 687 1595 707 a
1621 673 1846 722 Mathlgian,
1882 679 1948 710 Lo·-

1186 721 1261 767 qui,
1297 723 1471 756 sermonem
1510 722 1646 759 hahere.
1691 725 1815 760 Itidem
1858 728 1947 771 apud

1189 772 1330 806 [slandos
1357 782 1393 808 at
1430 775 1550 809 Moela
1577 775 1631 808 vel
1667 775 1766 810 Mala
1804 776 1845 818 eft
1881 781 1946 812 Lo-

1185 823 1260 869 qui,
1302 822 1348 861 &
1390 825 1467 859 Mal
1502 829 1631 860 Sermo.
1674 825 1806 869 Frustra
1845 827 1946 874 igitur

1188 873 1346 921 Bradejus
1373 874 1527 910 Mallum
1555 890 1575 910 a
1612 874 1743 920 Mahl,
1788 882 1871 923 quod
1904 878 1946 921 esi

1186 925 1356 969 saxonice,
1400 936 1436 959 ut
1469 926 1544 969 ait,
1587 926 1755 973 Signum,
1796 929 1948 964 deducit.

1186 974 1290 1011 Alibi
1328 975 1425 1011 addit
1465 975 1558 1011 idern
1603 975 1811 1012 Hickefius:
1863 979 1946 1014 Me-

1187 1025 1287 1069 thel,
1313 1029 1420 1060 Sermo
1446 1041 1466 1061 a
1493 1027 1621 1061 Gothico
1648 1026 1785 1063 Mathls
1805 1030 1922 1062 Forum
1933 1047 1949 1069 ,-

1187 1076 1218 1110 in
1247 1089 1305 1122 quo
1331 1077 1483 1111 conciones
1509 1077 1681 1112 habemur.
1708 1081 1817 1122 Nota,
1844 1078 1947 1115 Mae-

1186 1127 1241 1162 len
1269 1126 1460 1161 Cimbricum
1486 1126 1567 1172 esse:
1593 1141 1667 1162 nam
1692 1130 1779 1174 apud
1804 1130 1948 1164 Cimbros

1186 1187 1222 1212 at
1249 1176 1368 1213 Maflla
1395 1177 1437 1220 est
1462 1177 1584 1225 Loqui.
1611 1179 1687 1213 Inde
1713 1179 1863 1219 Mallus,
1902 1181 1947 1213 (9·

1186 1229 1330 1262 Malim
1357 1229 1628 1264 Latino-barbara
1647 1229 1858 1266 derivantur.
1889 1232 1943 1267 Ita

1185 1278 1222 1314 in
1250 1279 1378 1314 Gloffis
1408 1278 1567 1315 Rhabani
1595 1279 1715 1316 Mauri
1736 1280 1834 1315 Curia
1854 1283 1945 1317 Ger-

1186 1329 1322 1364 manice
1364 1329 1521 1365 redditur
1560 1332 1702 1366 Mahal.
1747 1333 1870 1379 Itaque
1905 1332 1945 1368 in

1185 1379 1384 1427 Capitulari
1405 1380 1528 1416 Caroli
1552 1381 1680 1430 Magni
1700 1381 1782 1417 Lib.
1804 1394 1838 1429 7.
1855 1384 1943 1431 Cap.

1186 1442 1245 1477 33.
1272 1430 1493 1475 decernitur,
1525 1440 1564 1466 ut
1591 1432 1644 1466 bis
1671 1433 1832 1478 quolibet
1853 1445 1945 1468 anno

1185 1480 1288 1516 liberi
1334 1480 1494 1516 homines
1531 1480 1573 1516 ad
1614 1480 1769 1517 Mallum
1812 1495 1945 1519 conve-

1185 1531 1305 1566 niant:
1338 1534 1379 1566 Ut
1404 1533 1448 1566 ad
1474 1532 1619 1567 Mallum
1644 1532 1753 1567 venire
1772 1546 1859 1567 nemo
1876 1544 1947 1569 tar-

1184 1583 1237 1616 det
1253 1609 1263 1626 ‚
1290 1595 1386 1616 unum
1413 1582 1492 1617 circa
1528 1582 1696 1627 aestatem,
1737 1581 1785 1621 ἔφ’
1810 1585 1946 1619 alterum

1185 1632 1264 1668 circa
1290 1643 1496 1669 autumnum.
1523 1633 1620 1669 Hinc
1649 1642 1766 1669 tamen
1794 1634 1944 1671 minime

1185 1683 1446 1727 deducendum,
1501 1683 1586 1719 duos
1628 1686 1766 1720 tantum
1807 1686 1943 1721 Mallos

1185 1732 1327 1781 singulis
1354 1733 1454 1768 annis
1480 1733 1635 1769 indictos
1679 1734 1801 1782 fuiffe;
1844 1735 1944 1771 addi-

1184 1792 1241 1819 tur
1267 1782 1386 1818 enim:
1415 1784 1478 1818 Ad
1502 1784 1572 1819 alia
1596 1787 1691 1826 verb,
1720 1784 1753 1825 si
1787 1785 1944 1830 neceffitas

1179 1833 1298 1878 suerit,
1333 1834 1389 1868 vel
1428 1834 1628 1869 denuntiatio
1669 1834 1771 1882 Regis
1809 1846 1942 1881 urgeat,

1183 1895 1311 1919 vocatus
1337 1884 1445 1918 venire
1471 1897 1557 1918 nemo
1582 1885 1709 1920 tardet.
1750 1886 1791 1920 In
1829 1887 1942 1923 altero

1184 1944 1300 1971 tamen
1340 1943 1439 1970 textu
1478 1934 1635 1983 legitur:
1679 1936 1724 1970 ad
1760 1936 1830 1971 alia
1870 1950 1944 1972 vero

1184 1986 1310 2020 Placita
1349 1984 1423 2023 &cn
1464 1985 1557 2033 quod
1608 1985 1758 2022 minime
1808 1999 1940 2036 urge0;

1184 2049 1263 2071 nam
1292 2036 1383 2072 ultra
1407 2035 1492 2072 duos
1512 2037 1668 2080 Mallos,
1698 2038 1811 2084 plures
1832 2037 1942 2073 etiam

1184 2087 1272 2123 olim
1301 2087 1491 2123 celebratos
1519 2086 1617 2122 fuiffe
1646 2087 1839 2135 persuasum
1878 2088 1940 2124 ha-

1185 2139 1268 2172 beo.
1306 2140 1393 2174 Sunt
1420 2147 1564 2178 tamen,
1606 2151 1693 2186 quae
1727 2151 1800 2174 rem
1829 2138 1940 2174 adhuc

1183 2188 1321 2224 turbare
1362 2188 1547 2233 videntur,
1593 2201 1701 2236 quum
1743 2190 1776 2224 δι’.
1810 2188 1938 2225 Placiti

1182 2240 1214 2274 ἂ
1245 2238 1353 2275 Malli
1381 2239 1552 2275 vocabula
1592 2253 1655 2288 pro
1683 2253 1752 2275 uno
1780 2239 1939 2287 usurpata

1183 2289 1420 2338 reperiantur,
1447 2303 1559 2338 neque
1580 2290 1661 2326 satis
1681 2290 1830 2329 constet,
1851 2301 1938 2337 quae

1183 2340 1313 2376 caussae
1361 2341 1398 2376 in
1445 2354 1516 2376 uno
1552 2340 1682 2390 agitari
1722 2341 1872 2376 solerent
1899 2351 1938 2375 ac

1184 2391 1338 2439 possent,
1365 2404 1498 2439 quaeve
1525 2391 1563 2427 in
1590 2393 1720 2427 altero.
1750 2392 1844 2425 Inter
1867 2391 1939 2425 Le-

1182 2455 1239 2489 ges
1266 2442 1550 2491 Langobardicas
1579 2444 1669 2477 Part.
1695 2441 1741 2475 ΙΙ.
1769 2439 1880 2475 Tomi
1909 2442 1937 2476 Ι.

1183 2494 1262 2528 Rer.
1303 2493 1456 2529 Italicar.
1496 2493 1533 2528 in
1577 2493 1672 2539 Lege
1712 2502 1771 2538 77.
1813 2490 1938 2527 Caroli

1181 2542 1305 2591 Magni
1335 2543 1418 2579 haec
1444 2542 1635 2579 habentui-z
1663 2545 1716 2578 De
1740 2543 1861 2577 munire
1879 2553 1937 2576 va-

1831 2594 1884 2631 ιδ,
