2169 3047
271 214 352 268 589

551 207 917 253 DzssERTATm
950 204 1492 251 TRIGESIMATERT1A;
1698 227 1781 268 590

210 271 351 306 concilis
379 267 532 305 fastum.
570 271 669 316 Sepes
699 281 781 303 vero
818 267 855 303 in
884 270 967 303 Mu·
1004 270 1038 304 A
1080 275 1265 316 raguntur.
1295 264 1507 303 Latinorum
1545 266 1682 312 Sirena,
1712 285 1769 307 vas
1798 273 1840 310 ad

209 320 392 357 tinenslum
423 321 517 368 pagis
539 317 745 366 quibusdam
772 318 883 355 adhuc
909 332 966 367 ap-

209 373 383 420 pellantur
409 373 508 406 Cede.
538 371 583 404 Et
610 369 648 406 in
674 371 821 406 Statutis
852 370 969 404 Bono-

209 421 334 457 niensis
371 420 495 469 Populi
532 420 614 457 Lib.
642 423 705 456 Vl.
733 420 777 457 est
817 422 968 457 Rubrica

208 474 247 506 de
273 472 365 506 Cedis
402 486 460 505 non
498 471 701 519 frangendis.
742 475 797 507 An
836 485 919 508 vero
950 485 968 507 a

208 522 332 558 Tuscis
360 521 540 569 usurpetur
576 536 646 559 vox
681 524 837 571 Cdgoma‚
866 524 968 571 igno-

209 582 283 608 tum
313 573 357 608 est
394 573 504 609 mihi.
541 573 766 610 Mentionem
804 575 902 610 illius
931 574 967 610 in

210 625 447 659 Vocabulario
470 625 555 658 della
579 625 693 670 Crussa
721 625 839 661 frustra
865 638 969 673 quae—

210 673 294 710 sivi.
332 677 383 710 At
411 674 505 710 istam
545 675 786 720 Mutmenses,
815 677 967 723 aliique,

210 734 248 760 ut
284 738 382 766 reor,
421 725 540 772 populi
579 725 745 767 servant,
783 738 888 774 atque
925 725 969 762 est
1012 722 1041 756 Β

208 775 418 811 Latinorum
444 785 597 810 veterum
619 779 776 816 Cucumu,
796 791 853 813 vas
872 791 968 814 nem·

210 838 252 875 pe
279 826 319 861 ad
355 839 478 873 aquam
518 825 808 867 calefaciendam,
839 829 967 875 praeci-

210 890 275 925 pue
307 876 608 912 Barbitonsoribus
636 877 673 913 in
704 878 784 914 usu.
825 881 877 914 Ita
906 893 962 914 no-

209 928 263 962 bis
292 928 335 962 est
367 929 440 961 Olla
478 930 710 970 Latinorum,
739 929 864 974 Tuscis
902 930 966 966 mi-

211 977 326 1013 nime.
347 980 525 1014 Habemus
546 981 651 1015 etiam
676 983 801 1014 Pavera
815 1009 823 1023 ,
842 983 868 1015 E
891 995 966 1023 pro-

210 1028 337 1064 ἀυξὶο.
361 1031 412 1063 Ita
439 1043 520 1064 vero
541 1031 754 1077 appellamus
780 1032 967 1073 calamos,

210 1078 279 1114 five
308 1093 462 1124 proceras
488 1080 630 1121 herbas,
656 1094 743 1128 quae
769 1081 804 1116 in
834 1081 966 1116 lacunis

209 1139 268 1164 aut
293 1129 473 1176 paludibus
499 1130 595 1164 tenui
620 1143 707 1177 aqua
734 1131 880 1166 imbutis
908 1144 966 1165 na-

206 1178 366 1214 scuntur.
398 1181 423 1214 E
461 1182 595 1215 Graeco
623 1183 789 1225 Papyrus,
817 1194 835 1216 a
864 1181 960 1217 Lati>

206 1230 260 1264 nis
284 1243 422 1277 quoque
448 1230 632 1279 usurpato,
654 1245 725 1266 vox
753 1233 871 1267 venit.
896 1233 965 1267 Sci-

206 1280 294 1315 licet
329 1281 451 1326 Papyri
489 1284 525 1316 in
569 1281 771 1329 palustribus
809 1284 967 1331 Aegypti

208 1330 296 1366 locis
335 1331 581 1375 nascebantur,
609 1333 641 1366 δε
676 1333 787 1367 adhuc
825 1335 967 1369 nascun—

209 1388 284 1415 tur.
319 1383 390 1416 Nos
421 1382 611 1416 Lombardi
641 1382 743 1417 facile
771 1384 806 1418 P.
834 1384 869 1418 in
897 1398 961 1418 me—

208 1430 270 1465 dio
309 1444 432 1466 vocum
473 1445 531 1478 per
558 1435 601 1466 V.
631 1432 821 1468 consonans
856 1434 962 1469 efferi-

209 1493 308 1521 mus,
337 1491 375 1516 ut
405 1482 513 1528 Ripa,
543 1485 634 1516 Riva
647 1496 664 1524 ,·
692 1486 831 1524 Papero,
861 1488 953 1519 Pava

209 1543 273 1574 ro‚·
301 1534 441 1577 Sapone,
468 1535 595 1566 Sauone
632 1534 699 1567 &aa
739 1537 790 1567 Ex
826 1537 952 1578 Papum

210 1584 353 1627 Papira,
377 1583 499 1616 Pavira
514 1611 522 1624 ,
545 1587 692 1618 Pavera.
714 1585 866 1618 Lixivum
888 1588 961 1619 Flo-

211 1632 342 1668 centini
372 1634 548 1679 appellant
587 1638 722 1669 Ranno.
763 1635 862 1670 Unde
900 1645 966 1671 tra-

210 1683 351 1726 xerint,
379 1682 525 1731 ignoro.
554 1683 773 1719 Mutinenses
805 1685 967 1721 Latinam

210 1745 334 1768 vocem
358 1734 532 1773 retinent,
555 1734 754 1770 conversam
781 1735 817 1770 in
840 1736 968 1779 Lissia,

209 1782 264 1818 seu
295 1785 420 1827 Lesct'a.
457 1785 541 1819 Fuit
576 1783 614 1820 ἃ
644 1785 784 1821 Latinis
823 1788 968 1821 Lixiva.

208 1835 386 1869 Praeterea
425 1835 525 1870 nobis
561 1835 598 1870 in
632 1835 690 1870 usu
725 1836 770 1871 est
808 1837 967 1880 prium,

209 1883 402 1933 fignificans
442 1888 555 1919 Ducere
584 1886 616 1919 in
644 1900 780 1931 gyrum,
810 1886 864 1922 seu
892 1891 966 1933 Ag-

205 1936 328 1982 girare.
356 1934 450 1970 Mihi
480 1935 616 1971 suborta
642 1936 790 1985 suspicio
814 1937 879 1977 est,
907 1952 965 1985 po-

210 1985 310 2020 tuiffe
348 1998 466 2020 vocem
508 1986 594 2022 hanc
622 1987 661 2022 ad
701 2001 763 2023 nos
801 1989 920 2024 venire
949 2002 967 2025 e

210 2036 346 2070 Graeco
384 2036 509 2078 podis,
537 2051 606 2085 quo
641 2036 862 2075 Callimacus
896 2039 966 2075 uti-

210 2095 268 2121 tur
288 2084 339 2120 ‘in
377 2087 523 2130 Hymno
561 2090 587 2124 1.
623 2089 664 2124 ad
705 2089 964 2138 fignificandam

207 2136 436 2177 saltationem,
474 2136 527 2173 seu
566 2140 717 2175 Choream
755 2152 965 2176 armatoruml

209 2187 397 2235 Pleraeque
423 2187 517 2225 enim
545 2188 747 2228 saltationes
771 2193 878 2239 Gyris
906 2205 965 2242 pe-

1047 312 1303 374 {hauriendam
1341 329 1495 365 aquam,
1533 320 1622 366 apud
1663 322 1842 360 Mediola-

1079 368 1197 406 nenses
1234 367 1419 417 perdurat;
1454 367 1584 418 quippe
1619 369 1701 406 inde
1737 374 1842 409 effor-

1079 429 1213 455 matum
1241 418 1310 456 fuit
1329 418 1514 454 Sitellinum
1528 447 1538 463 ,
1559 432 1651 456 nunc
1675 424 1842 461 Sedelino.

1080 469 1350 507 Bononienfium
1391 470 1540 506 Calcedro
1575 471 1668 508 idem
1711 472 1843 521 fignifi-

1079 535 1182 567 cans,
1211 535 1230 557 e
1263 523 1398 557 Graeco
1435 526 1590 564 Χαλκιὸρίοι
1625 522 1842 573 significante

1080 576 1150 609 Vas
1179 585 1315 609 aereum
1352 573 1393 609 ad
1422 587 1546 622 aquarn
1585 575 1811 612 hauriendam
1829 603 1842 622 ,

1079 624 1274 660 descendit.
1297 625 1419 673 Neque
1442 625 1530 661 mihi
1558 627 1843 676 praetermitten-

1080 676 1142 710 dae
1179 675 1257 710 sunt
1293 675 1548 713 Mutinenfium
1587 679 1745 723 Burm'se,
1773 692 1843 726 qua

1081 739 1167 761 voce
1204 726 1363 761 indicant
1399 727 1541 776 exiguas
1582 729 1709 764 Prunas
1747 729 1844 778 igni·

1080 787 1152 812 tas.
1182 778 1239 812 Ab
1267 776 1346 825 ipsis
1374 781 1488 813 Prunis
1519 779 1554 814 in
1582 780 1841 816 diminutivum

1081 827 1249 863 converfis
1287 829 1457 872 Prum'fia,
1486 830 1660 870 Βνιικὶίέα,
1690 830 1844 871 Burnifiae

1079 888 1219 914 enatum
1251 878 1410 919 videtur,
1437 880 1497 916 nifi
1524 881 1617 928 quod
1647 883 1733 927 apud
1764 883 1844 918 Bri-

1080 940 1225 974 tannos,
1255 928 1402 965 fortassis
1431 932 1472 965 ab
1503 933 1845 979 Anglo·S;xonibue

1079 989 1257 1028 acceptum
1272 1007 1281 1024 ‚
1303 980 1338 1015 in
1362 980 1420 1016 usu
1442 981 1486 1016 est
1511 986 1654 1018 verbum
1677 994 1706 1017 to
1727 986 1842 1028 Burn,

1077 1031 1281 1074 comburere,
1309 1033 1456 1076 Ardere,
1486 1032 1575 1069 unde
1604 1034 1715 1069 multa
1745 1046 1845 1069 com-

1079 1081 1204 1126 posita.
1232 1082 1296 1116 Sed
1336 1083 1548 1127 videndum,
1581 1097 1624 1119 an
1661 1084 1699 1120 &
1738 1084 1793 1120 illi
1823 1097 1844 1121 a

1077 1133 1192 1164 Prunis
1219 1131 1411 1167 traxerint.
1442 1134 1492 1167 Ita
1522 1135 1584 1168 vix
1617 1135 1709 1169 ullus
1737 1134 1781 1169 est
1811 1137 1846 1170 1-

1077 1182 1182 1216 taliae
1221 1183 1390 1230 populus,
1428 1183 1488 1230 qui
1529 1182 1735 1232 singularem
1777 1185 1846 1220 ali-

1076 1245 1178 1280 quam
1218 1245 1261 1267 ex
1302 1233 1458 1282 antiquis
1498 1236 1644 1270 vocibus
1684 1235 1772 1283 apud
1812 1236 1844 1272 se

1079 1296 1146 1318 non
1176 1282 1341 1323 servarit,
1378 1298 1465 1332 quae
1490 1285 1610 1334 jandiu
1637 1286 1724 1334 apud
1756 1288 1846 1323 alios

1078 1335 1224 1382 populos
1253 1334 1386 1370 insueta
1416 1335 1483 1371 five
1511 1337 1693 1385 antiquata
1722 1336 1844 1373 frustra

1077 1384 1320 1429 conquiritur.
1356 1387 1476 1430 Quum
1515 1400 1597 1436 ergo
1637 1387 1844 1424 Italicarum

1079 1447 1202 1469 vocum
1225 1435 1398 1483 originem
1422 1438 1643 1483 quaerimus,
1665 1452 1736 1474 non
1758 1452 1843 1488 fau-

1078 1497 1135 1519 cae
1163 1496 1376 1530 occurrunt,
1404 1499 1549 1533 quarum
1589 1490 1752 1532 occulta,
1781 1499 1845 1527 auc

1080 1534 1200 1570 saltem
1229 1536 1362 1571 incerta
1389 1550 1429 1572 ac
1454 1537 1559 1572 dubia
1588 1538 1666 1574 sunt
1693 1541 1845 1585 primor-

1078 1586 1158 1633 d1a3
1188 1598 1299 1632 neque
1330 1587 1424 1621 enim
1465 1587 1638 1624 sufficiens
1676 1588 1713 1624 ἃ
1742 1602 1843 1625 com-

1079 1637 1179 1670 moda
1208 1636 1300 1670 ratio
1336 1635 1369 1671 se
1396 1637 1500 1673 offert
1535 1638 1727 1675 deducendi
1759 1640 1842 1676 illas

1077 1699 1094 1720 e
1124 1685 1267 1721 vocibus
1296 1686 1459 1731 Latinis,
1488 1698 1548 1725 aut
1585 1689 1751 1734 Graecis,
1781 1700 1842 1727 aut

1079 1735 1309 1772 finitimarum
1338 1737 1519 1786 gentium.
1547 1741 1669 1788 Atque
1697 1754 1740 1777 ex
1769 1741 1842 1777 istis

1077 1789 1262 1823 nonnullas
1305 1787 1478 1824 recensere
1518 1790 1596 1826 heic
1638 1792 1760 1840 juvat,
1801 1802 1841 1829 ut

1077 1837 1384 1885 perspicacioribus
1421 1839 1595 1888 ingeniis,
1634 1841 1656 1877 fi
1697 1842 1840 1886 lubeat,

1076 1899 1136 1923 aut
1169 1887 1410 1932 felicioribus,
1439 1903 1580 1938 campus
1617 1902 1734 1940 pateat
1773 1892 1842 1929 sese

1075 1939 1260 1974 exercendi
1288 1940 1323 1975 in
1354 1940 1522 1988 ejusmodi
1552 1941 1684 1979 studio.
1719 1946 1842 1992 Atque

1076 2003 1117 2025 ex
1148 1989 1200 2025 his
1229 1989 1377 2026 fortaffis
1406 1992 1473 2026 erit
1507 1992 1647 2041 aliqua,
1675 1994 1773 2043 cujus
1800 2008 1843 2030 o-

1076 2040 1226 2088 riginem
1256 2041 1296 2075 ad
1327 2041 1571 2080 vetustissimas
1600 2044 1757 2090 Linguas
1789 2059 1844 2082 re-

1008 2088 1047 2125 E,
1077 2090 1250 2126 ferendam
1279 2091 1344 2129 effe
1380 2106 1453 2130 non
1485 2105 1615 2132 temere
1652 2095 1842 2145 quisquam

1077 2140 1267 2191 suspicetur
1276 2168 1287 2180 .

1622 2602 1783 2640 CATA-
