2169 3047
257 229 281 269 8
291 241 342 283 57
548 219 914 266 DISSERTATIO
945 218 1361 265 TRJGESIMATER
1368 221 1465 262 ‘HA
1478 231 1489 263 ξ

197 284 397 328 Infruscato.
432 282 607 328 Obscurus,
645 281 743 329 ajunt
782 282 953 318 Austores

250 332 477 371 Vocabularii
518 330 708 368 Cruscani.
745 331 952 382 Menagium

249 385 349 422 audi:
372 383 466 427 Forse
484 383 527 418 da
548 385 680 417 Bruno:
699 386 847 427 Brunus,
867 387 954 418 Bru-

248 436 304 474 ni,
340 433 532 478 Brunisws,
570 433 725 478 Bruscus,
762 435 953 479 Bruftmus,

247 484 440 526 Vrufieatus,
469 484 660 528 Fruscatus,
687 484 759 523 &aa
797 484 893 520 Mira
924 485 954 520 is

246 535 375 572 tradit.
405 537 529 582 Neque
557 534 721 570 meminit
745 535 955 584 Menagius,

247 585 287 621 in
315 585 454 633 Lingua
491 585 602 620 nostra
635 599 813 622 occurrere
841 587 956 631 Frusco

248 636 283 670 ὃ(
313 637 477 679 frulcolo,
514 634 745 683 significantia
783 636 955 685 fragmen-

247 693 324 722 tum
362 687 503 734 paleae,
539 686 657 733 ligni,
684 688 749 722 &c.
787 688 957 731 Infrufiare

246 744 365 772 autem
391 737 628 784 metaphorice
655 737 853 773 adhibitum
883 737 956 773 fue-

246 786 296 823 rit
324 800 385 834 pro
413 791 548 833 Tegere,
576 788 764 833 Obscurare,
801 798 955 824 mentem

247 836 384 873 scilicet
420 837 512 873 suam
555 851 624 873 non
662 838 838 875 manifeste
877 852 955 887 ape-

246 887 393 932 riendo,
425 887 479 924 sed
508 889 620 925 veluti
649 889 709 925 sub
738 889 894 935 festucis,
923 903 956 925 e-

248 938 450 986 xilibusque
467 938 616 976 frustulis
630 968 639 983 ,
660 940 728 976 five
748 940 864 976 dubiis
881 953 954 975 ver-

249 988 303 1025 bis
327 989 496 1038 tegendo.
533 993 744 1038 Quanquam
777 1004 898 1028 vereor
922 1004 957 1026 e-

248 1053 316 1088 go,
353 1053 395 1076 ne
432 1041 574 1077 unicum
605 1044 833 1090 exemplum,
864 1040 957 1089 quod

247 1103 291 1126 ex
310 1093 515 1128 Davanzato
535 1092 695 1128 adferunt
714 1093 863 1137 ejusdem
884 1093 956 1125 Vo-

248 1141 416 1176 cabularii
445 1141 639 1188 Scriptores
656 1167 666 1184 ,
699 1141 824 1176 habeat
851 1139 957 1183 Infra-

239 1190 348 1235 Jcato,
388 1202 458 1225 non
495 1191 684 1235 Infruscato.
725 1192 817 1226 Nam
852 1190 958 1233 Infra-

239 1239 328 1285 Jcare
348 1239 498 1276 dicimus
525 1254 584 1289 per
608 1241 878 1278 translationem
899 1240 955 1276 de-

247 1289 397 1325 sumtam
419 1305 436 1326 e
464 1290 561 1326 foliis
587 1292 772 1334 arborum,
798 1292 858 1327 sub
879 1290 959 1339 qui-

247 1340 311 1374 bus
340 1352 419 1374 aves
451 1339 489 1374 &
518 1340 648 1374 frufi‘tus
676 1343 809 1379 latent,
845 1340 883 1374 δί
920 1340 959 1373 sl-

249 1388 396 1438 gnificat
427 1399 580 1424 mentem
609 1388 704 1426 suam
736 1389 775 1425 in
813 1390 960 1437 loquen-

250 1440 297 1475 do
325 1439 552 1475 abscondere.

198 1491 405 1538 Ingannare.
444 1492 593 1534 Fallere,
632 1492 802 1539 Decipere.
838 1491 957 1527 Taffo·

249 1540 329 1577 nius
369 1541 480 1577 noster
518 1555 642 1577 vocem
684 1542 773 1577 hanc
812 1541 962 1578 Provin-

249 1592 352 1628 cialis
390 1592 577 1628 Idiomatis
616 1593 680 1628 effe
719 1593 885 1642 putavit.
927 1592 959 1627 Si

249 1643 458 1690 Menagium
496 1643 690 1687 auscultas,
728 1644 769 1679 ab
797 1642 964 1679 inufitato

249 1693 386 1730 Latino
414 1696 613 1740 Ingaunum,
639 1693 833 1742 composito
860 1707 902 1730 ex
927 1696 964 1728 In

250 1743 290 1782 &
326 1747 501 1787 Cannam,
538 1745 632 1792 quod
663 1746 796 1779 Irridere
832 1743 961 1792 fignifi-

250 1803 335 1834 cat,
373 1794 532 1829 manavit
568 1794 720 1830 nostrum
757 1797 961 1841 Ingannare.

249 1845 400 1881 Carolus
427 1846 560 1885 Datus,
588 1846 753 1892 Ingenium
778 1844 861 1881 huic
886 1858 962 1880 ver—

250 1896 297 1931 bo
325 1896 451 1931 dedisse
487 1895 662 1944 originem
699 1896 745 1932 est
774 1895 962 1944 opinatuS.

250 1946 339 1982 Dati
357 1946 528 1982 lententia
549 1946 753 1995 ingeniosa:
777 1948 811 1982 δε
829 1947 868 1982 ad
888 1959 962 1982 eam

252 1996 528 2033 confirmandam
568 2007 796 2034 monumenta
833 2011 851 2033 a
889 1999 964 2032 Du-

254 2046 395 2096 Cangio
433 2047 553 2083 coafi‘ta
589 2049 631 2084 ad
668 2049 880 2084 vocabulum
909 2050 965 2083 In-

251 2099 381 2146 genium
404 2097 573 2135 inservire
598 2099 757 2147 poffunt.
785 2098 883 2134 Mihi
911 2108 964 2133 ta—

255 2160 337 2185 men
363 2149 439 2185 veri
468 2149 616 2186 similius
643 2149 710 2195 est,
741 2163 784 2185 ex
811 2148 965 2185 Arabica

254 2199 397 2247 Lingua
424 2199 629 2236 descendisse
666 2200 817 2237 nostrum
847 2203 965 2247 Ingau-

255 2263 295 2285 no
331 2249 369 2286 &
399 2253 600 2297 Ingannare,
636 2252 690 2287 uti
726 2253 761 2286 δε
797 2250 965 2298 Hispani-

257 2313 337 2336 cum
364 2303 550 2348 Enganno,
579 2303 613 2336 δε
642 2305 842 2348 Engannar.
875 2303 966 2336 Ara-

259 2350 317 2386 bes
356 2351 450 2387 enirn
487 2354 601 2387 Chana
635 2352 757 2388 dicunt
793 2351 965 2396 Decipere,

259 2401 385 2436 violare
409 2402 559 2447 pac‘lum,
588 2402 734 2448 Perfidus
763 2401 818 2448 effe
847 2402 880 2436 in
907 2401 966 2446 eo,

260 2452 342 2497 quod
367 2451 428 2486 tibi
455 2453 603 2488 creditum
631 2454 692 2496 eft.
722 2452 883 2489 Gollium
911 2452 967 2487 vi-

262 2500 325 2536 de.
352 2501 388 2537 si
410 2501 492 2538 huic
514 2504 620 2539 verbo
639 2504 677 2539 in
702 2495 848 2549 sentima
867 2504 965 2538 Con—

264 2551 444 2601 jugatione
478 2563 710 2603 praeponatur
741 2552 964 2594 Charae'teri-
997 2600 999 2602 q

996 285 1024 319 A

1001 2110 1031 2144 E

1119 279 1199 315 stica
1225 281 1286 323 In,
1311 278 1553 316 efformabitur
1576 246 1737 329 lachana?
1760 289 1829 321 De·-

1120 341 1222 378 ceptus
1257 329 1317 372 est.
1355 331 1438 365 Vox
1475 330 1536 365 ista
1569 331 1827 374 Mercatoribus

1118 379 1330 421 familiaris,
1358 382 1478 429 quales
1514 381 1603 417 olim
1632 385 1764 421 Arabes
1791 402 1829 424 e-

1118 439 1219 476 rant,
1246 444 1286 467 ac
1314 441 1496 479 propterea
1523 431 1663 469 facilius
1691 435 1727 470 in
1758 439 1829 473 Ita-

1118 482 1205 518 liam
1231 483 1265 518 δε
1294 482 1525 530 Hispaniam,
1561 483 1661 519 illam
1693 486 1828 525 credere

1118 533 1204 569 licet
1233 532 1432 569 inveg’cam.
1470 536 1571 580 Quae
1608 545 1722 572 autem
1757 539 1829 573 La-

1119 583 1194 619 tina
1222 597 1293 619 vox
1321 584 1493 634 Menagio
1521 585 1673 632 dicitur,
1703 601 1829 636 nempe

1119 637 1298 679 Gannare,
1335 634 1418 671 haec
1455 635 1527 684 ipsa
1565 649 1637 673 vox
1674 638 1830 676 Arabica

1119 684 1285 734 videtur3
1324 699 1403 720 nam
1443 690 1591 722 Gannum
1626 689 1660 724 δε
1696 693 1832 726 Ganna-

1119 745 1192 770 tura
1216 736 1304 784 apud
1330 737 1438 772 medii
1467 738 1545 774 aevi
1571 739 1745 776 Austores
1769 754 1831 777 oc-

1122 786 1253 831 currit,
1283 785 1320 823 &
1348 800 1410 835 pro
1439 790 1520 823 Dolo
1546 803 1584 824 ac
1613 793 1742 825 Fraude
1770 805 1833 828 ex·-

1121 837 1245 885 plicari
1266 838 1394 886 potest.
1422 841 1461 874 In
1484 839 1595 876 Gestis
1619 843 1702 890 Reg.
1723 845 1833 878 Fran-

1121 901 1191 923 cor.
1229 901 1304 937 pag.
1339 890 1426 935 716.
1463 892 1569 926 Torn.
1609 892 1715 928 Prim⁹
1754 895 1831 928 Du-

1120 937 1268 974 Chesnii
1288 938 1461 987 legimus:
1488 944 1564 976 Dux
1583 945 1740 979 Saxonum
1763 945 1833 980 &c-

1120 989 1278 1035 respondt't
1304 1003 1371 1023 cum
1397 993 1541 1025 Gannoe
1572 994 1727 1027 Mentiris
1752 1007 1834 1038 vos,

1119 1051 1213 1084 quum
1239 1040 1459 1076 chlotharium
1487 1043 1597 1076 habere
1619 1044 1747 1080 dicitis.
1776 1044 1834 1080 Ibi

1120 1092 1269 1123 Gannum
1287 1103 1348 1137 pro
1363 1091 1547 1126 Cbacbinno
1557 1117 1567 1131 ,
1589 1093 1729 1134 irmstone
1744 1108 1837 1130 non-

1119 1138 1210 1172 nulli
1249 1139 1554 1186 interpretantur.
1597 1143 1758 1179 Fortassis
1797 1159 1836 1181 e-

1119 1187 1208 1223 tiam
1237 1191 1396 1223 Fraudem
1423 1189 1617 1238 fignificat.
1652 1195 1835 1231 Candidus

1122 1237 1322 1275 Monachus
1350 1238 1389 1274 in
1417 1242 1503 1277 Vita
1539 1242 1654 1294 Egilis
1682 1245 1839 1282 Abbatis

1122 1289 1299 1325 Fuldenfis
1316 1303 1325 1326 ε

1120 1389 1223 1434 Cujus
1238 1389 1396 1435 judicium
1414 1392 1472 1434 etsi
1491 1406 1549 1427 mm
1571 1393 1724 1432 zabolica
1739 1396 1834 1442 fallit

1121 1443 1313 1477 Gannatura
1340 1442 1413 1481 &aa

1120 1541 1226 1585 idest,
1253 1542 1309 1584 etfi
1332 1543 1499 1579 Diabolica
1525 1549 1659 1588 Fraus,
1681 1551 1739 1586 vel
1766 1553 1836 1587 Da-

1120 1593 1195 1631 lus,
1224 1595 1393 1639 Ingannc»,
1423 1608 1481 1630 non
1504 1597 1619 1640 fallit.

998 1653 1030 1686 D
1070 1643 1235 1689 Ingoiare.
1265 1646 1443 1681 Devorare.
1474 1646 1658 1694 Originem
1689 1650 1787 1687 vocis
1814 1664 1835 1688 a

1121 1693 1281 1729 Feri-ario
1311 1705 1413 1743 pete:
1445 1696 1487 1731 ab
1515 1699 1692 1745 Inglutire‚
1721 1701 1751 1736 is
1779 1716 1836 1738 re-

1120 1743 1335 1792 spondebit:
1374 1747 1582 1795 Menagium
1621 1749 1797 1801 interroga
1820 1766 1831 1787 :

1120 1793 1292 1843 adjiciet,
1329 1796 1371 1831 ab
1409 1796 1576 1835 inufitato
1614 1800 1748 1837 Latino
1778 1805 1836 1838 In-

1116 1846 1281 1893 gumiare.
1307 1846 1453 1884 Basilice
1478 1848 1668 1886 falluntur.
1694 1854 1771 1888 Aut
1791 1853 1835 1889 ab

1120 1896 1327 1943 Ingorgt'are,
1365 1907 1401 1934 at
1437 1900 1556 1947 potius
1593 1901 1634 1937 ab
1662 1903 1837 1950 Ingulare,

1121 1946 1177 1983 seu
1206 1949 1367 1994 Inguliare
1394 1959 1474 1986 nata
1502 1964 1574 1987 vox
1599 1953 1763 1999 Ingoiare.
1793 1956 1837 1989 In

1121 1997 1281 2033 omnium
1319 2001 1440 2037 oculos
1481 2000 1566 2038 haec
1603 2004 1836 2054 Etymologia

1121 2047 1298 2084 incurrit.
1338 2052 1425 2086 Eam
1453 2060 1571 2087 tamen
1600 2053 1669 2089 viri
1700 2055 1836 2090 summe

1120 2098 1291 2147 ingeniosi
1322 2113 1393 2136 non
1429 2101 1604 2150 attigere,
1643 2112 1681 2138 ut
1711 2105 1835 2141 mirari

1121 2148 1272 2193 defluas,
1301 2149 1324 2185 fi
1351 2150 1528 2187 interdum
1554 2165 1642 2201 quae
1667 2163 1748 2190 ante
1776 2169 1838 2204 pe-

1121 2199 1180 2235 des
1218 2199 1325 2244 sunt,
1364 2201 1512 2238 minime
1541 2203 1743 2241 intuemur.
1783 2207 1840 2242 Ita

1122 2249 1305 2287 invenitur
1334 2254 1547 2300 Transgulare
1584 2267 1646 2302 pro
1677 2255 1837 2301 Trajicere

1125 2301 1159 2335 in
1174 2302 1290 2336 Gulam
1303 2329 1311 2338 .
1328 2304 1548 2351 Trangugt'are
1565 2305 1738 2342 Aue-iores
1761 2309 1836 2342 Vo-

1125 2352 1294 2388 cabularii
1323 2354 1522 2390 Florentini
1560 2369 1579 2390 a
1607 2357 1838 2404 Transgorgia-

1124 2415 1156 2437 re
1182 2403 1275 2439 reeie
1302 2403 1540 2441 deduxerunt.
1573 2407 1679 2456 Apud
1707 2410 1836 2443 Senen-

1125 2452 1176 2489 ses
1198 2454 1288 2490 olim
1313 2454 1351 2490 in
1377 2456 1437 2491 usu
1463 2455 1532 2492 fuit
1557 2459 1734 2505 Ingollare.
1763 2460 1836 2493 Ne-

1126 2503 1221 2550 scio,
1248 2518 1292 2542 an
1318 2507 1353 2542 &
1381 2519 1472 2543 nunc
1499 2506 1567 2544 hoc
1595 2508 1767 2545 vocabulo
1796 2521 1836 2544 u-

1128 2563 1268 2594 tantur.

1659 2611 1788 2656 Ingem-
