2169 3047
196 203 253 252 46
259 211 281 253 5
459 192 829 238 DISSERTATIO
863 190 1458 238 TR,GESIMASECUNDA.·
1631 205 1685 251 46
1693 205 1719 239 6

142 257 221 292 dem·
246 256 359 291 libens
386 253 497 289 fateor
525 265 579 288 me
618 252 728 288 adhuc
766 253 906 302 ignora-

141 321 203 343 re.
234 304 394 342 Profe&o
422 317 528 353 quum
567 304 657 339 olim
694 305 906 340 eruditionis

142 357 253 406 gratia
282 357 421 392 Italicas
449 354 629 391 Civitates
668 368 906 404 peragrat-em,

143 407 181 444 ἃ
210 409 386 455 complura
414 405 574 441 Archiva
602 406 814 451 inviserem,
852 406 907 442 ni-

142 458 194 494 hil
223 458 310 493 mihi
339 457 478 493 enixius
501 466 574 492 erat
594 456 630 492 in
656 457 772 501 votis,
801 458 905 506 quam

142 509 284 557 aliquod
329 508 563 557 fragmentum
613 510 779 557 Vulgaris
816 509 907 545 Lin—

141 573 227 607 guae
254 559 384 595 nostrae
426 559 576 607 reperire
613 558 706 594 inter
750 566 905 595 veterum

142 610 312 646 Chartas.
363 611 596 658 Exploratum
625 609 691 653 est,
738 610 903 646 Christia-

142 674 206 697 nae
235 661 344 709 plebis
375 661 549 699 Pastores,
588 670 647 695 aut
690 661 908 710 Episcopos,

144 724 204 748 aut
235 712 406 747 Parochos
444 724 620 758 nunquam
639 738 649 754 ,
686 711 807 746 saltem
836 713 908 760 post

143 772 349 798 renovatum
378 761 415 796 in
461 763 603 796 francis
641 762 806 810 Augustis
837 765 908 798 Ro—

142 825 284 848 manum
318 812 532 859 Imperium,
560 812 598 847 in
627 820 762 848 tantam
792 815 906 861 prola-

143 863 219 912 psos
247 863 484 912 ignorantiam
515 873 619 911 atque
641 864 844 912 ignaviam,
870 875 908 899 ut

145 913 279 962 prorsus
319 927 338 949 a
377 913 528 961 publicis
569 915 799 951 concionibus
841 915 909 951 sive

146 964 323 1000 Homiliis
351 965 580 1000 abstinerent.
610 967 683 1000 Has
711 975 826 1001 autem
849 994 858 1008 ,
887 966 908 1000 s1

146 1016 276 1051 Latine
319 1017 454 1050 tantum
488 1015 528 1049 ad
559 1017 726 1064 populum
770 1015 908 1052 fuissent

143 1066 283 1101 habitae
325 1067 447 1100 Secnlo
478 1068 537 1100 IX.
582 1069 622 1100 X.
653 1065 690 1101 ὅ(
730 1068 789 1100 ΧΙ.
831 1067 908 1113 quis

119 1130 186 1151 ‘ex
218 1118 323 1164 vulgo
352 1115 604 1150 intelleXiffet?
648 1117 908 1152 Mercatoribus

143 1166 273 1209 etiam,
313 1166 459 1213 aliisque
489 1166 613 1201 Latini
645 1166 812 1202 sermonis
841 1168 905 1202 im—

141 1216 285 1264 peritis,
314 1216 334 1251 si
365 1218 503 1264 quando
532 1217 738 1261 accicebat,
768 1230 805 1254 ut
834 1218 906 1266 epi—

142 1267 242 1303 stolas
272 1269 311 1303 ad
342 1269 474 1303 amicos
503 1271 644 1303 darent:
688 1281 773 1304 num
804 1283 908 1304 exco—

144 1319 255 1367 gita·e
295 1320 489 1361 possumus,
528 1332 585 1354 eos
626 1332 802 1366 nunquam
835 1334 903 1355 ver-

145 1370 269 1403 nacula
299 1370 437 1411 Linnua
467 1369 564 1410 usos,
601 1375 740 1416 quando
780 1371 907 1406 Latina

145 1420 329 1459 carebant,
359 1421 398 1453 ad
428 1421 507 1453 illas
529 1420 813 1455 conscribendas?
840 1424 905 1456 [tn-

146 1481 213 1515 que
243 1469 443 1516 sperandum
473 1478 566 1508 erat,
592 1470 725 1515 aliquas
750 1470 908 1519 Linguae

145 1518 248 1564 hujus
290 1519 455 1566 reliquias
498 1520 688 1566 alquando
726 1520 771 1555 iri
813 1521 906 1556 dete-

144 1569 241 1604 &um
261 1596 268 1604 .
299 1572 428 1604 Vertim
459 1568 574 1604 frustra
602 1582 666 1618 ego
697 1571 903 1618 perquisivi:

145 1619 290 1662 frustra,
320 1630 357 1655 ut
388 1634 534 1663 vereor,
573 1621 775 1668 perquirent
810 1624 842 1656 ὅ(
873 1636 906 1656 a-

145 1671 208 1706 lii.
234 1671 339 1715 Quod
363 1673 470 1706 tolum
499 1670 648 1717 proferre
674 1673 826 1718 possum,
854 1672 903 1707 vi-

146 1721 187 1755 de
215 1721 453 1766 Compofitiones
493 1721 654 1768 quasdam
693 1722 734 1756 ad
769 1721 906 1757 Musiva

146 1771 334 1818 tingenda,
375 1772 512 1818 aliaque
549 1771 718 1819 ejusmodi
761 1773 905 1807 Artium

145 1820 339 1869 fragmenta
353 1850 362 1863 ,
385 1823 508 1857 Setulo
523 1824 622 1857 VIII.
634 1821 759 1864 scripta
773 1851 782 1865 ,
804 1833 907 1871 atque

145 1885 163 1907 a
193 1885 248 1907 me
276 1872 368 1907 edita
406 1873 442 1907 in
483 1872 660 1909 Differtat.
702 1876 833 1909 XXIV.
870 1876 908 1908 de

145 1924 308 1966 Artibus,
338 1923 395 1958 ubi
421 1925 611 1972 Vulgarem
634 1925 793 1960 Italicam
819 1925 906 1961 Lin-

146 1986 249 2021 guam
287 1986 355 2007 non
398 1974 524 2010 leviter
552 1975 703 2011 Latinae
745 1976 905 2011 intermi-

147 2033 244 2058 xtam
284 2023 464 2070 agnosces.
510 2026 573 2060 Sed
609 2039 653 2061 ne
689 2040 728 2062 ea
764 2027 905 2074 quidem

149 2073 312 2121 Vulgaris
343 2075 479 2123 Lingua
500 2075 590 2112 fuit.
620 2077 676 2113 Ad
700 2077 782 2113 haec
803 2091 907 2125 quae-

146 2123 225 2158 dam
272 2123 370 2159 illius
409 2126 549 2175 vestigia
585 2128 622 2163 in
660 2128 740 2164 aliis
783 2142 906 2164 monu-

147 2173 276 2209 mentis
305 2188 422 2211 eorum
465 2186 662 2225 temporum
693 2190 906 2223 occurrunt,

146 2238 190 2260 ex
218 2225 344 2272 quibus
374 2240 479 2270 pauca
506 2229 658 2265 delibare
685 2229 722 2265 in
751 2230 905 2278 praesen-

146 2275 196 2310 tia
227 2276 344 2321 juvat.
375 2278 412 2312 In
442 2279 546 2313 Notis
575 2279 614 2314 ad
639 2283 767 2329 Legem
790 2283 906 2316 CCC·

146 2328 244 2361 XIV.
277 2327 440 2363 Rotharis
479 2329 583 2377 Regis
614 2332 687 2366 Par.
722 2333 766 2366 ΙΙ.
795 2331 907 2367 Tomi

146 2378 173 2412 Ι.
205 2379 282 2413 Rer.
310 2379 485 2422 Italicam,
528 2393 635 2427 quum
678 2383 906 2429 expenderem

145 2440 268 2463 vocem
307 2431 504 2474 tornaverit,
542 2431 613 2479 post
650 2433 737 2466 alios
776 2445 908 2467 memo—

147 2479 222 2513 ravi
249 2480 282 2514 &
311 2492 402 2527 ego,
446 2494 532 2528 quae
559 2482 697 2517 Ausim·
725 2481 908 2518 Miscellae

147 2528 250 2565 refert
286 2531 392 2565 Tom.
424 2530 452 2568 Ι.
493 2545 569 2582 pag.
608 2545 690 2581 ¹¹4·
731 2534 906 2569 Amet-[us

247 2583 335 2616 Tom-
364 2584 418 2617 VI.

945 257 980 291 A
1016 252 1225 302 Chaganum
1255 254 1468 288 Hunnorum
1498 255 1628 301 Regem
1666 258 1777 292 Com-

1017 305 1207 340 mentiolus
1235 302 1425 339 Christiani
1454 304 1626 340 exercitus
1654 306 1778 344 (1υᾶοτ

1016 356 1053 392 in
1091 353 1224 390 insidiis
1267 354 1395 402 pofitus
1436 355 1614 403 egregium
1644 356 1778 395 facinus

1016 406 1172 443 editurus
1199 413 1294 440 erat.
1323 404 1385 440 Sed
1415 418 1456 440 ex
1486 406 1680 453 improviso
1708 410 1780 444 cla-

1018 467 1136 494 mante
1172 455 1322 505 quodam
1362 469 1380 491 e
1421 454 1632 493 Christianis
1670 460 1781 504 patria

1016 520 1114 544 voce:
1155 513 1281 551 Torna,
1318 517 1430 551 torna,
1462 507 1594 552 fratem·
1631 507 1699 544 five
1741 519 1781 547 ut

1019 559 1146 595 melius
1185 557 1299 593 dicam
1343 567 1456 602 torna,
1496 569 1607 600 torna,
1651 559 1781 606 fratre,-

1018 613 1169 646 Graecus
1194 609 1288 645 enim
1317 608 1546 657 Theophanis
1572 620 1690 647 textus
1719 611 1781 648 ha-

1019 663 1075 697 bet
1103 665 1191 703 τέμοι,
1214 665 1303 701 τέμνοι.
1325 666 1443 703 aplane,
1474 670 1534 697 aut
1564 673 1712 702 retorna,
1740 672 1781 700 ut

956 713 984 746 Β
1018 712 1121 748 habet
1150 711 1439 761 TheophylaGtus
1469 713 1661 749 Simocatta
1696 714 1781 750 Lib.

1019 764 1044 798 I.
1072 765 1159 812 Cap.
1190 765 1266 798 XV.
1293 762 1381 798 Hist.
1410 763 1491 798 idest
1519 765 1629 808 volta,
1666 767 1780 810 volta,

1012 814 1117 858 frate:
1159 813 1376 850 Christianus
1407 814 1580 850 exercitus
1617 815 1782 865 ambigua.

1018 878 1126 909 voce,
1169 864 1352 912 subitoque
1382 874 1476 900 metu
1505 867 1699 913 perculsus,
1742 867 1782 903 in

1018 914 1133 963 fugam
1152 916 1195 950 est
1214 922 1329 950 verius
1343 942 1350 950 .
1367 915 1402 950 Si
1420 916 1647 963 Theophanis
1666 917 1784 954 Chro-

1019 966 1197 1014 nologiam
1227 966 1424 1013 saquimur,
1462 966 1536 1002 effla
1575 967 1658 1003 haec
1687 968 1782 1005 fuere

1019 1020 1127 1051 Anno
1178 1016 1396 1052 Christianae
1443 1019 1556 1053 Aerae
1608 1031 1691 1066 579.
1735 1022 1783 1055 Et

1019 1080 1216 1114 quanquam
1246 1077 1362 1115 aperte
1391 1080 1459 1102 non
1491 1080 1676 1116 appareat,
1707 1072 1783 1118 eju-

978 1154 988 1161 ,
1018 1117 1127 1152 smodi
1159 1117 1261 1152 verba
1299 1130 1341 1152 ex
1380 1116 1535 1153 hominis
1575 1120 1692 1156 Italici
1722 1135 1783 1157 ore

952 1172 981 1208 C
1017 1168 1189 1215 erupisse,
1219 1177 1374 1202 attamen
1403 1181 1510 1216 quum
1540 1183 1655 1206 earum
1679 1170 1782 1208 sonus

1018 1219 1177 1254 Italicam
1219 1219 1395 1267 Linguam
1437 1220 1586 1256 omnino
1628 1221 1782 1267 referat,

1017 1270 1122 1305 multi
1152 1272 1234 1305 vero
1263 1270 1381 1305 ltalici
1410 1269 1447 1305 in
1485 1272 1643 1308 exercitu
1671 1276 1782 1310 Grae-

1016 1333 1135 1355 corum
1191 1319 1380 1356 Caesarum
1433 1321 1657 1364 militarent,
1710 1338 1782 1361 non

1018 1370 1146 1419 injuria
1183 1371 1322 1418 opinari
1365 1372 1563 1420 possumus,
1606 1376 1646 1410 ad
1689 1376 1782 1411 Lin-

1016 1435 1117 1470 guam
1165 1421 1311 1456 nostram
1356 1425 1553 1469 pertinere:
1606 1426 1698 1473 quod
1741 1425 1781 1463 δεῖ

1017 1472 1152 1520 Lipsius
1181 1471 1248 1507 sine
1276 1472 1500 1508 dubitatione
1538 1474 1637 1511 sensit
1675 1486 1781 1525 atque

1016 1523 1228 1557 affirmavit.
1259 1524 1361 1557 Hanc
1390 1535 1512 1558 vocem
1541 1528 1680 1560 Tornare
1704 1527 1781 1563 Ca-

1017 1575 1109 1607 rolus
1141 1572 1224 1606 Dati
1254 1572 1503 1615 Florentinus,
1531 1573 1568 1609 &
1590 1577 1779 1624 Menagius

955 1624 983 1655 D
1016 1635 1032 1656 a
1056 1622 1189 1657 Latino
1210 1625 1347 1656 Tornare
1368 1622 1565 1668 deducunt,
1594 1627 1686 1673 quod
1716 1641 1779 1663 nos

1018 1673 1099 1707 ltali
1129 1672 1280 1707 Torm'are
1308 1671 1345 1707 ἃ
1378 1674 1508 1708 Torm're
1538 1678 1778 1723 appellamus.

1017 1723 1226 1757 Addendum
1255 1722 1298 1756 iis
1327 1721 1416 1762 fuit,
1459 1726 1610 1761 Graecos
1638 1741 1779 1777 quoque

1015 1774 1131 1808 eadem
1163 1785 1247 1808 voce
1275 1771 1351 1808 usos
1379 1772 1499 1810 fuiffe.
1545 1778 1668 1824 Neque
1696 1793 1780 1815 con-

1016 1823 1201 1859 temnenda
1241 1836 1362 1858 eorum
1404 1825 1625 1873 conjefi'tura.
1666 1828 1779 1866 Certa.

1016 1884 1133 1910 tamen
1161 1887 1204 1909 an
1232 1872 1295 1918 fit,
1323 1874 1478 1911 dubitari
1517 1877 1645 1923 potest.
1683 1880 1781 1917 Ani-

1016 1925 1302 1960 madvertendum
1331 1926 1460 1973 quippe
1488 1927 1556 1970 est,
1598 1942 1641 1963 an
1684 1931 1779 1968 aelio

1015 1976 1132 2011 Turni
1161 1975 1242 2011 satis
1283 1976 1486 2023 respondeat
1527 1978 1778 2027 significationi

1017 2027 1161 2062 Italicae
1188 2026 1288 2062 vocis
1315 2030 1478 2063 Tornare.
1508 2029 1644 2066 Deinde
1673 2046 1780 2079 quae-

954 2076 982 2110 E
1016 2078 1160 2113 rendum
1183 2101 1192 2116 ,
1235 2091 1277 2112 an
1321 2080 1523 2119 Ritomare,
1568 2082 1601 2115 8<
1640 2086 1779 2119 Tornare

1018 2127 1211 2167 italicum,
1254 2142 1314 2176 pro
1342 2131 1506 2175 Reverti,
1547 2145 1589 2167 ex
1631 2135 1781 2171 Germa-

1018 2192 1140 2214 norum
1171 2188 1327 2215 veterum
1356 2181 1495 2228 propria
1525 2195 1611 2218 voce
1639 2184 1780 2221 descen-

1017 2229 1099 2264 disse
1128 2230 1303 2277 potuerit:
1345 2232 1437 2279 quod
1485 2235 1696 2270 vocabulum
1739 2237 1778 2272 in

1020 2279 1158 2315 Italiam
1189 2280 1300 2316 Gothi
1329 2292 1389 2318 aut
1419 2284 1641 2332 Langobardi
1674 2287 1780 2322 adve-

1018 2331 1158 2380 xerint;
1188 2334 1339 2368 Saxones
1368 2334 1403 2368 in
1433 2334 1678 2379 Britanniam,
1717 2338 1777 2374 ubi

1016 2386 1107 2419 Turn
1144 2386 1268 2416 Reium
1296 2384 1333 2418 in
1362 2383 1421 2419 usu
1459 2385 1527 2434 estg
1572 2388 1695 2423 Franci
1738 2389 1776 2423 in

1017 2433 1195 2473 Galliam,
1218 2433 1277 2468 ubi
1308 2438 1448 2469 Tourner
1468 2440 1644 2471 Retourner
1664 2439 1776 2474 adhue

1018 2485 1202 2532 perdurat3
1229 2483 1266 2520 &
1293 2485 1404 2520 Gothi
1426 2485 1462 2520 in
1486 2487 1692 2535 Hispaniam
1716 2490 1775 2524 ubi

991 2530 994 2540 ’
1017 2538 1139 2570 Tornar
1167 2547 1275 2582 aeque
1303 2549 1341 2571 ac
1369 2536 1458 2584 apud
1486 2550 1548 2573 nos
1573 2538 1774 2580 usurpatur.

1130 2587 1160 2619 G
1190 2598 1211 2633 g
1646 2590 1723 2632 Jam
