2169 3047
281 221 330 273 38
341 233 359 272 5
563 213 929 258 DISSERTATIO
960 213 1503 260 TRIGESIMATERT1A;
1707 227 1756 277 38
1765 230 1792 267 6

216 280 404 312 Gruterum
448 287 523 323 pag.
568 285 675 320 1049.
712 286 745 308 n.
787 276 821 310 6.
866 274 974 322 pofita
1006 282 1040 316 Α
1090 274 1126 309 in
1155 275 1184 309 B
1220 273 1388 310 converso
1416 274 1481 323 (ut
1511 275 1642 313 saelum
1678 277 1716 315 in
1744 283 1851 321 Brina

215 326 442 375 Apronianae
470 325 605 373 puellae
640 322 881 360 Christianae.
920 327 974 362 Ibi
1089 339 1106 360 e
1132 325 1276 370 Pruimv,
1302 325 1340 360 in
1364 327 1532 361 Obbrobrio
1555 341 1598 363 ex
1622 331 1850 376 opprobrium,

217 381 331 429 legas:
1087 375 1125 410 in
1152 379 1280 417 Pruna,
1308 375 1364 412 seu
1401 379 1522 412 Prum’o
1557 378 1672 414 fru8tu
1699 393 1718 415 a
1745 385 1848 421 nobis

1085 426 1297 462 Lombardis
1318 427 1511 464 immutato
1535 429 1573 465 in
1594 433 1728 477 Brugna
1754 436 1848 484 (Vc.)

219 480 256 504 nr
277 476 432 503 SOMNVM
457 476 556 499 PACIS
580 476 717 499 FEMINA
744 476 901 500 APRONIA
1085 478 1242 522 Brusare,
1279 480 1464 524 Brusciare,
1501 478 1540 516 &
1577 484 1730 517 Bruciare
1767 497 1849 531 pro..

216 559 388 588 ιῒΑτΑῐιιῐ.
401 558 578 581 ANNORVM
596 558 673 588 (χιε
690 558 786 581 mnu.
802 557 973 581 favai-ra.
1084 528 1153 563 d¹¹t
1167 555 1176 563 ·
1212 530 1341 565 Eadem
1383 541 1520 567 ‘anone
1537 556 1547 571 '
1585 543 1638 568 un
1678 532 1770 569 ¹¹¹fr²
1805 550 1848 572 ⁰*

1083 578 1233 615 stendam
1254 605 1265 620 ‚
1306 591 1447 617 enatum
1484 582 1575 618 mihi
1611 583 1766 621 creditur
1802 599 1849 624 ex

217 634 272 669 Ibi
301 632 474 680 insculpta
510 631 651 674 Palma,
688 629 886 676 Martyrem
923 639 973 666 ta—
1084 631 1217 666 Latino
1253 634 1419 667 Peramare
1461 633 1626 670 Italicum
1669 638 1845 675 Bramme.

217 696 297 719 men
328 684 474 719 minime
502 681 686 724 indicans,
724 692 764 716 ut
792 683 894 716 verba
924 681 975 715 so·
1086 682 1159 716 Nos
1184 683 1378 719 Lombardi
1406 683 1516 720 adhuc
1541 685 1732 721 retinemus
1757 691 1847 723 Bru-

215 745 326 770 nant:
357 747 424 781 qua
452 734 494 767 de
521 745 556 766 re
583 745 681 779 agam
710 731 801 766 infra
829 732 866 766 in
897 731 974 766 Dis·
1010 741 1035 774 Β
1078 732 1169 775 sare,
1197 733 1260 768 alii
1289 734 1411 782 populi
1448 735 1612 785 usurpant
1646 738 1846 783 Brusciare,-

217 784 295 821 sert.
324 785 460 821 Lv111.
487 786 525 817 de
552 782 722 824 Christian.
749 793 890 818 venerat.
1083 782 1191 818 Tusci
1229 797 1311 820 vero
1339 787 1507 822 Bruciare.
1545 790 1717 823 Attamen
1754 792 1845 824 Bru-

268 835 396 871 Vidisti
418 862 428 877 ‚
469 843 507 869 ut
549 843 665 881 pum,
703 834 881 880 quomodo
919 834 974 868 vel
1075 833 1148 877 sare
1183 834 1289 870 etiarn
1328 836 1507 883 usurpavit
1543 840 1690 881 Joannes
1726 840 1846 876 Villa-

214 886 294 936 ipfis
321 884 555 922 vetustiffimis
581 883 712 919 Seculis
740 884 887 919 Latinae
913 897 974 919 vo·
1082 884 1159 919 nius
1182 885 1264 920 Lib.
1287 888 1367 921 VH.
1389 885 1479 937 Cap.
1500 900 1560 935 73.
1585 891 1709 937 Neque
1729 892 1844 926 Lom-

217 951 272 973 ces
293 948 413 973 contra
441 948 622 984 germanae
642 936 902 971 Grammaticae
923 948 975 970 re·
1083 935 1194 970 bardis
1230 936 1275 971 est
1313 937 1456 972 verbum
1498 941 1720 976 Abbruciare.
1760 943 1844 978 Hoc

216 990 315 1037 gulas
337 987 576 1030 &Stet-entur,
598 987 629 1021 ὅ(
653 996 973 1033 corrumperentur.
1080 986 1122 1019 ab
1149 985 1228 1034 ipsis
1255 989 1504 1024 tantummodo
1537 989 1662 1025 Tuscis
1700 990 1844 1040 usurpa-

216 1041 255 1074 ld
285 1039 413 1075 fafflum
442 1038 478 1073 in
508 1038 579 1084 ipsa
610 1036 733 1072 Urbe:
764 1046 897 1083 quanto
925 1035 972 1070 fa·
1080 1046 1155 1071 tur.
1182 1039 1280 1073 Haec
1306 1038 1395 1074 mihi
1424 1039 1567 1088 propior
1590 1054 1695 1084 vero,
1719 1054 1763 1076 ne
1787 1042 1845 1078 di-

215 1090 320 1126 eilius
345 1091 379 1125 id
403 1090 439 1124 in
470 1087 666 1122 Provinciis
694 1086 877 1133 contigisse
901 1098 973 1120 cre·
1079 1098 1154 1120 cam
1194 1098 1313 1130 certa,
1349 1090 1452 1136 origo
1488 1091 1586 1126 vocis
1623 1091 1743 1127 istius.
1787 1094 1843 1129 Ita

213 1139 387 1175 dendum?
426 1138 609 1173 Barbarica
638 1136 761 1171 deinde
794 1136 972 1171 successere
1078 1136 1176 1171 Galli
1218 1151 1236 1172 a
1276 1138 1473 1184 Peruffutare
1510 1141 1663 1187 (Latini
1707 1152 1844 1178 veteres

213 1192 375 1232 Saecula,
398 1189 523 1237 quibus
551 1186 666 1222 senfim
691 1188 884 1234 permultae
911 1200 971 1221 vo-
1004 1192 1037 1229 C
1078 1187 1274 1228 Perustulare
1300 1187 1495 1239 dixerunt)
1525 1190 1644 1226 senfim
1679 1192 1844 1228 efforma-

211 1253 265 1276 ees
292 1240 503 1276 deformatae
529 1238 691 1280 fuerunt,
717 1237 893 1285 aliamque
921 1237 968 1272 fa—
1079 1247 1160 1272 runt
1186 1238 1380 1285 Peruffuler,
1412 1241 1593 1287 Bruffuler,
1625 1255 1663 1278 ae
1698 1244 1841 1280 tandem

211 1292 300 1327 ciem
332 1304 491 1339 accepere
519 1303 560 1325 eo
597 1288 770 1330 successu,
808 1299 847 1323 ut
875 1302 970 1324 com·
1078 1289 1236 1324 Brusler.
1279 1289 1578 1328 Confiderandum
1625 1307 1717 1329 nunc
1760 1295 1844 1331 aliie·

211 1343 325 1390 plures
346 1355 415 1377 non
438 1340 544 1375 defiat
568 1353 668 1374 voces
687 1366 694 1378 ,
719 1338 869 1374 Latinae
893 1353 967 1385 pro·
1078 1340 1239 1386 relinquo
1255 1365 1265 1380 ,
1308 1355 1350 1376 an
1393 1355 1435 1378 ex
1481 1343 1556 1392 ipso
1601 1345 1843 1381 Lombardico

211 1392 304 1427 ξεί-30
337 1392 486 1439 originis
504 1418 513 1434 ,
551 1390 605 1425 sed
643 1388 807 1424 abstrusae
824 1416 834 1432 ‚
862 1402 967 1434 quum
1078 1390 1213 1433 Brusare
1234 1393 1424 1427 arceffenda
1446 1393 1486 1429 fit
1509 1394 1611 1443 origo
1633 1395 1730 1431 vocis
1754 1399 1842 1431 Bra-

212 1443 359 1478 difficile
395 1441 543 1477 indicari
582 1453 672 1475 nunc
714 1438 814 1486 poffit
851 1441 942 1475 ratio
961 1468 969 1483 ,
1071 1439 1127 1484 se,
1153 1441 1282 1476 Latine
1307 1446 1436 1478 Pruna.
1462 1445 1570 1480 Tusci
1595 1459 1633 1481 ea
1659 1448 1842 1494 appellant

210 1507 278 1540 qua
306 1493 454 1528 formam
490 1491 573 1526 adeo
601 1505 619 1525 a
658 1490 770 1536 priore
798 1489 967 1525 diversam
1078 1493 1197 1530 Brace,
1234 1494 1373 1537 Brucla,
1410 1495 1556 1541 Bragia.
1594 1497 1629 1531 Si
1669 1497 1727 1532 hic
1762 1497 1841 1534 fons

210 1544 247 1579 in
268 1557 327 1579 ore
350 1544 469 1591 populi
493 1541 609 1576 Italici
632 1540 830 1575 induerint.
853 1542 964 1585 Quae·
1077 1553 1216 1580 revera,
1245 1543 1441 1578 mirandum
1470 1544 1537 1588 est,
1565 1545 1646 1592 quei
1677 1549 1708 1582 U
1737 1547 1772 1582 in
1802 1550 1840 1584 A

210 1595 309 1629 rebat
339 1593 508 1642 Aegidius
547 1591 730 1640 Menagius,
759 1591 814 1625 vir
841 1591 965 1626 dofflis-
1077 1590 1304 1627 immutatum
1326 1593 1455 1642 fuerit3
1478 1607 1588 1642 neque
1608 1595 1702 1631 enim
1729 1598 1840 1633 audeo

210 1642 433 1680 fimus'inter
459 1644 604 1686 Gallos,
632 1644 673 1677 de
700 1655 769 1689 quo
799 1641 867 1687 jam
901 1641 967 1676 fuit
989 1651 1034 1684 '÷D
1078 1640 1143 1675 huc
1165 1641 1298 1677 trahere
1318 1646 1378 1676 Per
1397 1644 1430 1678 &
1455 1644 1592 1690 Affare.
1619 1646 1725 1696 Apud
1750 1649 1839 1683 Gal-

210 1696 302 1731 mihi
340 1697 371 1730 8<
418 1696 586 1742 plurimus
623 1692 713 1728 infra
742 1691 810 1727 erit
837 1686 992 1733 sermost!
1078 1692 1129 1726 los
1166 1693 1278 1736 Braise
1314 1692 1406 1728 idem
1444 1694 1642 1743 fignificat,
1679 1696 1717 1733 &
1755 1697 1838 1735 inde

1077 1741 1265 1786 Emlaraser,
1293 1744 1325 1778 δ(
1361 1743 1592 1792 Hispanicum
1621 1748 1789 1792 Abrasar,
1817 1763 1838 1786 ιι

1077 1792 1202 1839 quibus
1230 1793 1468 1830 verisimiliter
1492 1797 1617 1841 Brasa,
1638 1801 1745 1845 Brage
1766 1800 1836 1836 &e-

1077 1843 1292 1890 accepimus.
1318 1846 1503 1881 Falluntur
1522 1846 1615 1882 enim
1633 1872 1643 1887 ‚
1664 1849 1725 1896 qui
1747 1853 1836 1884 Bru-

1075 1894 1155 1928 ciare
1182 1892 1220 1929 ἃ
1248 1896 1383 1939 Brusare
1408 1896 1595 1937 Italicum,
1622 1908 1724 1946 atque
1754 1902 1837 1934 Em-

1074 1944 1177 1988 braser
1203 1946 1405 1986 Gallicum,
1429 1947 1605 1984 deducunt
1628 1962 1671 1985 ex
1700 1952 1836 1989 Graeco

209 1999 287 2034 dat.
324 2001 446 2046 Neque
475 1997 613 2032 felicior
648 1996 818 2032 Gestavius
847 1999 963 2031 Fen-3-
1074 2000 1178 2038 Βιάζω,
1212 1994 1427 2043 significante
1463 2000 1631 2043 Ebullire‚
1670 2002 1834 2048 Agitari.

208 2049 302 2092 rius,
322 2049 382 2096 qui
404 2051 578 2084 Amburere
598 2047 731 2082 fontem
752 2047 857 2082 nostri
879 2050 963 2081 Bru—
1074 2049 1183 2082 Sonus
1211 2047 1351 2093 quidem
1390 2048 1571 2084 literarum
1601 2049 1724 2087 fimilis
1739 2079 1748 2096 ‚
1778 2052 1834 2088 sed

206 2100 288 2134 :iare
326 2099 477 2135 censuit.
516 2099 589 2133 Vix
617 2097 696 2134 falli
732 2111 788 2134 me
818 2107 962 2146 putem,
995 2107 1022 2139 Ε
1072 2096 1207 2133 diversa
1245 2098 1289 2132 est
1317 2098 1546 2146 fignificatio.
1584 2102 1709 2150 Longe
1745 2116 1835 2150 quo-

211 1746 292 1780 dum
324 1746 466 1780 Italicae
494 1746 653 1792 Linguae
677 1743 841 1790 Origines
869 1742 966 1777 ador-

210 1797 338 1835 nabat,
362 1797 451 1831 unde
479 1794 627 1829 nostrum
656 1796 806 1827 Bruciare
830 1791 867 1828 &
892 1795 967 1828 Ab·

211 1848 348 1882 bruciare
392 1846 580 1894 prodierit.
622 1847 675 1879 En
717 1845 789 1893 ejus
831 1842 967 1879 senten-

210 1897 322 1933 tiam.
362 1899 393 1933 A
431 1901 540 1931 Pruna
575 1895 777 1938 prunarius,
813 1895 966 1939 Prucius,

209 1949 364 1989 Erucius,
392 1949 530 1988 Brucia,
555 1946 722 1981 Bruciare.
754 1947 871 1981 Nemo
894 1959 964 1981 cre-

207 2149 406 2185 deducendo
434 2149 521 2184 hanc
545 2162 667 2184 vocem
694 2162 713 2184 e
740 2149 874 2185 Latino
901 2153 960 2183 Pe·
1073 2161 1138 2195 que
1159 2162 1177 2183 a
1198 2161 1280 2183 vero
1300 2149 1390 2184 abiit
1412 2151 1643 2199 Du-Cangius
1669 2153 1706 2187 in
1728 2153 1833 2188 Glos-

205 2212 294 2235 rum.
320 2203 454 2248 Nempe
482 2200 626 2235 verbum
651 2199 738 2235 istud
762 2200 800 2235 in
829 2209 960 2247 praete-
1073 2198 1183 2241 sario,
1211 2212 1318 2245 quum
1357 2200 1489 2248 scripfit
1516 2202 1667 2246 Bruscare
1693 2203 1834 2240 adhibi-

204 2250 276 2286 rito
303 2251 362 2286 dat
389 2252 526 2296 Peruffi.
564 2250 727 2286 Fortaffis
762 2250 870 2286 etiam
900 2264 960 2298 pro
1072 2259 1146 2284 turn
1168 2248 1265 2285 fuiffe
1288 2263 1351 2298 pro
1370 2253 1534 2286 Incendere
1558 2252 1614 2289 seu
1632 2256 1832 2289 Amburere:

204 2302 350 2343 Perustus
376 2301 414 2337 in
443 2301 503 2337 usu
537 2302 658 2348 populi
693 2300 761 2337 fuit
789 2301 962 2347 Peruffus;
1071 2313 1176 2346 quam
1204 2300 1241 2335 in
1278 2314 1350 2336 rem
1378 2315 1485 2338 unum
1524 2305 1693 2339 Sanutum
1729 2305 1830 2341 Itali-

203 2365 284 2387 nam
326 2351 364 2387 ὅ(
405 2352 473 2387 alia
514 2351 643 2398 Supina
687 2364 725 2386 ac
769 2352 960 2398 Participia
1072 2363 1150 2386 cum
1193 2351 1402 2398 scriptorem
1450 2353 1592 2389 laudat.
1637 2355 1828 2400 Brusciare,

204 2466 238 2486 ru
264 2467 275 2488 ι
302 2453 523 2489 efformatum
558 2450 716 2497 Peruffare
742 2453 775 2487 8<
804 2453 958 2495 Peruffia-
1069 2452 1123 2487 lus
1147 2452 1241 2487 enim
1267 2466 1311 2488 ex
1338 2454 1473 2488 Italicis
1498 2455 1650 2499 Bruscare
1673 2469 1826 2503 unquam

205 2515 255 2546 re,
283 2513 356 2539 turn
394 2503 537 2550 Prtfffare
562 2504 596 2537 &
632 2503 808 2547 Pruffime,
836 2503 869 2537 8<
899 2503 957 2538 de·
1068 2515 1130 2550 pro
1155 2505 1336 2537 Comburere
1361 2503 1560 2551 usurpavit.
1587 2505 1741 2541 Videant
1765 2520 1825 2543 au-

204 2553 309 2602 nique
343 2554 472 2591 leniter
506 2553 736 2604 pronuntiato
774 2554 821 2599 P,
852 2563 956 2602 atque
1071 2562 1141 2588 tem
1168 2554 1289 2598 Galli,
1316 2567 1360 2590 an
1396 2554 1495 2590 suum
1522 2555 1647 2602 Braffer
1672 2557 1825 2640 ΙιίἾΒὶσκ

1673 2619 1718 2640 CM
1735 2619 1774 2642 u-

205 2412 366 2449 corrupta
394 2402 491 2437 fuiffe
519 2412 602 2436 tunc
630 2402 812 2436 novimus.
842 2404 873 2437 A
899 2406 958 2436 Pe·
1041 2422 1045 2557 ¹
1070 2413 1140 2436 non
1165 2401 1336 2448 Erasmus,
1361 2402 1535 2451 scripserit
1557 2406 1727 2453 sanutus;
1751 2408 1829 2442 nul-
