2169 3047
358 204 441 244 991

352 249 427 283 lum
455 246 522 283 hoc
549 261 568 284 e
589 248 723 283 Maltba
750 247 964 297 proceffiffe,
990 260 1060 283 non
1105 251 1136 285 A

351 298 478 334 video.
507 299 659 347 Aliquid
687 298 798 335 simile
826 298 972 334 fortaffis
1002 298 1060 334 ha-

352 350 437 386 bent
473 349 666 390 Germani,
702 350 828 399 quibus
863 350 1061 395 schmeltqm

353 399 526 449 fignificat
576 401 776 448 Liquesacere
800 426 810 441 ,
855 398 1029 446 Diffolvere
1053 426 1061 434 .

353 452 487 487 Eodem
516 465 655 500 quoque
683 451 778 488 sensu
806 450 1059 487 Mutinenlium

708 187 1079 246 ANTIQUJT.
1120 189 1335 233 MEDII
1370 190 1534 234 AEVI
1791 212 1875 250 992

1230 249 1268 285 ni
1297 249 1380 285 haec
1408 249 1470 287 ille
1498 250 1721 300 persuadeat.
1750 251 1937 290 Mutinen—

1230 300 1279 336 ses
1307 314 1446 349 quoque
1472 302 1595 338 dicunt
1621 306 1693 338 Dar
1718 305 1752 338 la
1778 305 1875 350 Saia,
1903 306 1936 340 &

1229 351 1358 387 saian.
1387 352 1499 398 Vide,
1536 366 1579 388 an
1617 353 1734 401 potius
1772 368 1842 390 vox
1877 355 1939 391 ista

1231 415 1250 437 a
1287 402 1400 439 Gallis
1437 404 1474 440 in
1513 403 1654 438 Italiam
1696 404 1938 448 descenderit.

1231 453 1357 501 quibus
1374 455 1507 500 Chapter
1533 452 1578 487 est
1613 455 1747 489 molliter
1773 456 1942 491 attrec‘Jare

354 502 537 540 DialeRus
568 502 710 539 adhibet
746 504 888 545 Padire,
925 501 990 537 hoc
1019 500 1063 537 est

353 554 524 600 Digerere,
562 553 658 601 cujus
696 552 794 588 verbi
821 552 932 587 adhuc
960 553 1057 600 igno-

354 613 429 640 tam
457 603 546 641 mihi
575 604 748 652 originem
786 601 917 638 fateor.
954 598 1097 652 Patirel
1147 600 1151 655 ἰ

356 655 423 690 hoc
452 654 546 690 sensu
574 655 698 689 dicunt
726 653 948 689 Florentini.

303 706 450 750 Smilqo.
480 706 531 739 De
559 717 600 739 eo
627 704 780 748 dicitur,
807 704 869 752 qui
897 703 1064 752 gracilem

356 765 515 791 ventrem
546 768 625 803 prae
652 755 792 798 inedia,
829 765 889 791 aut
925 754 996 791 alia
1023 754 1064 790 de

355 806 472 842 caussa
508 806 622 847 gerit.
659 805 836 841 Titubans
874 806 952 855 ajo,
989 818 1063 854 per-

1230 504 1356 553 aliquid
1373 529 1382 544 ,
1419 503 1527 538 mollia
1562 502 1662 539 verba
1688 505 1726 537 de
1751 506 1858 551 aliquo
1882 518 1939 541 aut

1230 556 1274 589 ad
1309 555 1445 599 aliquem
1480 553 1579 588 dicere
1602 580 1610 590 .
1650 553 1745 589 Idem
1793 554 1939 592 fortaffis

1231 618 1249 640 a
1287 604 1387 639 nobis
1425 605 1633 640 translatum
1676 604 1718 641 ad
1760 604 1937 650 irrisores,

1231 654 1520 703 quotiescumque
1548 654 1682 691 ironice
1708 655 1912 692 adulantur.

1115 718 1141 751 Β
1179 706 1334 740 Soldato.
1367 706 1492 740 Miles.
1521 706 1612 742 Vide
1650 705 1937 743 Differtationem

1235 757 1366 791 XXVI.
1393 757 1432 791 de
1459 756 1610 794 Militia.

1181 807 1378 842 Solleticare.
1414 807 1585 843 Titillare.
1623 810 1740 845 Nemo
1776 822 1847 845 non
1886 807 1941 845 vi-

356 856 575 906 pendendum
604 856 668 892 esse
696 856 874 896 Medicis,
911 870 994 893 num
1022 869 1065 892 ex

356 908 571 944 Germanico
599 909 727 955 Miltz,
755 906 972 956 significante
993 907 1066 943 Lie-

358 973 447 998 nem‚
477 957 545 994 five
572 959 737 1006 splenem,
774 958 864 994 unde
902 958 1067 994 Italicum

358 1010 499 1057 Μὲίζα,
535 1009 685 1048 manafl'e
722 1022 874 1057 unquam
914 1007 1069 1058 potuerit

358 1060 443 1099 haec
471 1073 542 1097 vox
571 1061 721 1105 Smilzffi·
747 1059 839 1107 quasi
867 1060 929 1107 qui
957 1060 1070 1096 Liene

359 1123 421 1147 aut
447 1121 593 1150 carent,
623 1121 682 1146 aut
709 1112 893 1153 laborant,
930 1110 968 1146 in
997 1122 1070 1148 ma-

360 1162 452 1197 ciem
490 1170 662 1209 vergant,
700 1169 804 1208 atque
841 1169 1069 1196 extenuatum

359 1221 520 1248 ventrem
567 1211 748 1254 habeant,
784 1209 836 1245 ita
873 1219 914 1246 ut
949 1211 1071 1255 Smilzo

359 1262 402 1298 fit
445 1260 557 1296 veluti
593 1260 662 1301 sine
701 1262 826 1307 Liene,
861 1269 921 1294 aut
957 1260 1070 1299 Liene

360 1312 543 1346 laborans·

309 1366 474 1411 Smmzare
498 1386 507 1396 .

352 1416 535 1459 *Spegndern

309 1462 439 1510 Soffice.
466 1461 608 1500 Mollis,
634 1459 676 1496 ad
703 1459 837 1495 taffium
867 1472 988 1496 manus
1016 1472 1068 1495 ce-

361 1515 466 1550 dens.
506 1510 702 1548 Tuscorum
747 1512 958 1548 vocabulum
1000 1510 1072 1546 est.

359 1564 617 1601 Efformatum‚
644 1561 696 1598 ait
723 1560 921 1601 ferrarius,
949 1574 968 1597 a
994 1561 1063 1606 Sus

354 1616 460 1660 fultus
480 1640 490 1650 .
533 1612 626 1659 Quis
678 1610 826 1648 credat?
884 1612 1071 1660 Menagius

359 1666 450 1701 hanc
478 1664 510 1700 ei
539 1663 768 1705 nativitatem
800 1663 954 1702 tribuit:
986 1667 1066 1711 Sup-

355 1718 452 1762 plex,
493 1715 677 1762 Supplicis,
713 1715 883 1762 supplice,
918 1714 1071 1761 Susflice,

357 1767 508 1812 Sofflice,
534 1764 667 1811 Soffice.
695 1767 791 1807 Tum
820 1764 945 1805 addit:
978 1767 1072 1799 Viene

351 1818 454 1860 ficuro
479 1819 523 1852 da
546 1817 712 1865 Supplice.
740 1818 875 1860 Erunt,
903 1815 965 1864 qui
987 1829 1069 1852 con-

359 1867 541 1907 fidentiam
571 1867 668 1909 dotffi
697 1866 853 1907 hominis
877 1867 1070 1906 mirentur.

358 1919 588 1959 Germanicae
617 1918 777 1967 Linguae
802 1917 849 1957 est
874 1919 985 1965 Sanfft
1001 1946 1011 1963 ,
1039 1918 1069 1953 i-

359 1968 440 2007 dem
490 1970 582 2018 quod
633 1969 799 2010 Italicum
845 1968 956 2014 Soffise
975 1996 985 2012 ‚
1032 1967 1069 2004 ὅ(

359 2019 543 2066 Sanfftt'gen
556 2047 565 2063 ,
584 2021 841 2059 Ammorbidire,
859 2020 1051 2055 ,Ammollire
1061 2047 1070 2055 .

359 2069 518 2117 Antiqui
547 2072 700 2105 Saxones
735 2071 831 2114 Soft,
868 2083 956 2109 voce
994 2079 1067 2106 ute—

360 2121 514 2163 bantur,
543 2119 635 2154 idem
665 2118 899 2168 fignificante.
938 2123 983 2156 Et
1011 2122 1068 2157 in—

359 2170 403 2206 de
440 2170 481 2206 ad
518 2169 706 2212 Britannos
743 2171 941 2217 penetravit
976 2171 1068 2215 Sese,

361 2219 400 2257 ἃ
441 2233 473 2255 ιο
513 2221 646 2263 susten,
687 2220 813 2268 quibus
851 2220 966 2256 verbis
1010 2234 1069 2266 par

360 2271 475 2307 sensus
511 2270 586 2311 est.
627 2272 744 2316 Quare
786 2270 1066 2307 considerandum

360 2322 429 2365 est,
465 2334 549 2357 num
587 2321 625 2356 in
661 2321 772 2367 Soffice
807 2323 964 2358 converti
1007 2336 1065 2369 po—

360 2372 471 2409 tuerit
492 2373 703 2408 Saxonicum
728 2373 815 2408 illud
838 2373 1044 2409 vocabulum
1059 2400 1067 2408 .

558 1357 650 1394 Vide
699 1356 791 1394 infra
836 1357 879 1393 ad
925 1357 1070 1393 verbum

310 2423 405 2461 sola.
433 2426 505 2459 Dar
529 2425 563 2458 la
589 2424 684 2459 Saia.
711 2424 858 2459 Adulari
885 2424 1042 2458 illudendo
1058 2450 1066 2459 .

360 2476 396 2510 A
423 2475 556 2519 solum,
593 2474 675 2521 quia
703 2477 841 2509 Planum
875 2474 940 2516 est,
977 2474 1067 2509 deri-

360 2534 422 2562 vat
450 2526 537 2561 hanc
565 2537 688 2565 vocem
715 2524 910 2562 Ferrarius.
942 2523 1068 2562 Nemi-

1121 2071 1149 2109 E

1233 858 1332 897 dealt,
1370 857 1488 893 frustra
1524 857 1686 895 censuisse
1715 860 1940 903 Ferrarium,

1234 909 1276 944 ab
1312 907 1388 957 ipso
1424 909 1577 945 Titillare
1612 909 1774 958 prodiisse
1810 910 1942 945 solleci-

1234 973 1324 996 care.
1368 961 1493 1007 Neque
1530 960 1672 1009 dignior
1710 960 1830 1009 plausu
1867 960 1942 996 sen-

1236 1010 1347 1046 tentia
1389 1010 1549 1059 Menagii
1576 1038 1586 1054 ‚
1631 1011 1833 1047 deducentis
1876 1011 1944 1046 hoc

1235 1061 1378 1096 verbum
1408 1075 1426 1096 e
1452 1062 1621 1102 sauledo,
1648 1063 1840 1098 Sublec‘i‘ico.
1867 1061 1944 1097 Mi-

1234 1111 1273 1146 hi
1317 1111 1434 1157 poti'us
1462 1121 1603 1147 enatum
1632 1113 1787 1150 creditur
1813 1121 1872 1148 aut
1899 1126 1944 1148 ex

1234 1161 1412 1194 Sollicitare
1451 1161 1596 1206 digitis,
1633 1171 1694 1196 aut
1728 1176 1770 1197 ex
1807 1165 1875 1197 sub
1908 1164 1944 1197 ὅ(

1235 1210 1381 1254 Anicio,
1424 1209 1481 1245 seu
1524 1210 1648 1253 Micio,
1690 1211 1862 1246 converfis
1905 1211 1945 1246 in

1235 1259 1535 1304 frequentativum
1572 1260 1766 1299 Allicitare,
1807 1261 1946 1295 [ilicita-

1236 1319 1292 1341 νε.
1331 1306 1394 1341 Sed
1432 1314 1471 1341 ut
1499 1313 1538 1341 ut
1578 1305 1722 1343 obscura
1759 1308 1869 1344 adhuc
1905 1310 1947 1345 fit

1237 1354 1374 1392 Tuscae
1412 1355 1514 1406 hujus
1554 1356 1651 1392 vocis
1689 1356 1817 1407 origo,
1855 1370 1946 1396 certe

1238 1406 1445 1442 subodorare
1475 1407 1651 1455 possumus
1670 1434 1680 1452 ,
1711 1410 1801 1445 unde
1829 1410 1948 1447 Muti-

1237 1457 1340 1494 nense
1368 1458 1578 1495 vocabulum
1596 1485 1606 1503 ,
1634 1461 1703 1495 Far
1728 1460 1758 1495 le
1783 1462 1947 1504 Bleticbe‚

1237 1522 1276 1545 ac
1315 1509 1460 1545 verbum
1497 1508 1610 1558 ipsum
1648 1510 1827 1552 Bleticare,
1863 1512 1948 1548 idest

1238 1559 1411 1603 Titillare‚
1441 1560 1596 1596 venerit.
1626 1560 1690 1596 Ufi
1719 1561 1797 1597 sunt
1820 1563 1946 1599 Latini

1239 1612 1273 1646 &
1303 1611 1410 1646 verbo
1438 1611 1589 1646 Vellicare
1613 1611 1654 1647 ad
1682 1611 1956 1661 fignificandum-

1238 1662 1432 1707 pizzicare,
1460 1662 1551 1710 quod
1589 1662 1718 1698 leviter
1744 1663 1874 1700 fabium
1904 1664 1946 1699 sl-

1237 1711 1385 1761 gnificat
1412 1714 1583 1749 Titillare.
1620 1714 1674 1750 Ex
1703 1713 1778 1762 ipso
1805 1716 1843 1752 in
1873 1715 1946 1750 Vel-

1238 1763 1360 1800 liticare
1371 1762 1669 1810 frequentativum
1683 1765 1850 1800 converso
1866 1778 1948 1813 pro-

1238 1812 1308 1849 diit
1334 1814 1523 1851 Belleticare
1551 1813 1605 1849 seu
1635 1816 1793 1849 Bleticare
1828 1816 1947 1852 Muti-

1238 1863 1426 1908 nenfium‚
1467 1864 1560 1899 idem
1602 1862 1799 1913 fignificans
1840 1875 1947 1915 atque

1238 1914 1394 1950 Tuscum
1420 1915 1622 1954 Solleticare.

1186 1968 1354 2012 Sorgenre.
1397 1966 1580 2012 staturigo.
1618 1966 1720 2002 Unde
1755 1966 1839 2003 haee
1875 1980 1947 2005 vox

1238 2015 1421 2056 manarit,
1466 2015 1569 2052 facile
1610 2016 1767 2064 quisquis
1808 2018 1946 2056 intelli-

1238 2076 1323 2115 gat,
1352 2079 1475 2115 nempe
1514 2080 1532 2102 a
1569 2067 1701 2103 Latino
1737 2071 1857 2115 Surge,
1888 2070 1945 2105 vel

1239 2118 1383 2164 Exsurge
1410 2143 1418 2153 .
1465 2117 1733 2164 QuinEiilianus
1779 2118 1862 2155 Lib.
1914 2122 1947 2157 8.

1240 2170 1326 2215 Cap.
1355 2181 1389 2216 3.
1418 2169 1519 2204 nobis
1555 2168 1698 2204 exhibet
1731 2168 1833 2212 sontes
1867 2173 1947 2204 Sur-

1235 2230 1367 2269 gentes,
1406 2218 1575 2255 videlicet
1610 2232 1652 2254 ex
1689 2218 1798 2255 humo
1834 2219 1947 2255 scatu-

1239 2271 1392 2320 rientes3
1425 2271 1457 2304 8<
1487 2268 1640 2305 Ovidius
1677 2270 1759 2308 Lib.
1797 2272 1825 2306 Ι.
1863 2270 1946 2306 Tri-

1239 2320 1339 2356 stium
1357 2347 1366 2364 ‚
1394 2320 1516 2369 Elegia
1545 2322 1586 2356 X.
1614 2321 1727 2367 Surgit
1752 2333 1854 2367 aqua.
1890 2322 1942 2354 Ita

1239 2380 1279 2406 ut
1306 2371 1464 2418 ignorem
1484 2398 1494 2413 ,
1532 2384 1591 2407 cur
1618 2371 1675 2406 Cl.
1707 2373 1749 2407 V.
1777 2367 1942 2407 Marchio

1239 2422 1359 2468 Scipio
1386 2421 1550 2470 Maffejus
1587 2421 1670 2461 Lib‚
1710 2422 1736 2456 Ι.
1770 2422 1854 2464 Cap.
1887 2429 1943 2460 14.

1239 2473 1282 2507 de
1299 2472 1583 2520 Amphitheatris
1595 2501 1604 2517 ,
1621 2472 1792 2519 postquam
1815 2468 1942 2503 Salien-

1240 2533 1285 2558 tes
1311 2522 1348 2558 in
1378 2522 1566 2560 Veronensi
1601 2516 1831 2568 Inscriptione
1870 2530 1943 2558 rne-

1776 2580 1891 2606 mora-
