2169 3047
267 221 343 261 321

556 197 923 245 DISSERTATIO
954 194 1477 241 TRIGESIMAPRJMA.

1693 214 1771 253 322

201 262 391 310 pertinentia
404 262 486 307 sua,
507 260 552 300 &¹
573 265 708 296 Pratum
729 258 867 305 Regium
881 286 889 299 ,
911 259 967 303 seu
999 262 1044 307 A¹
1069 267 1166 292 tatem
1183 256 1354 303 praefatae
1389 253 1568 294 Parmensis
1612 256 1766 298 Ecclesiae
1792 258 1838 297 έν·

202 316 248 354 &¹
276 314 433 349 Locellum
469 313 582 356 illum,
624 311 746 346 nomine
781 310 967 352 Lamum,-

202 378 268 399 cum
287 363 414 409 finibus
441 363 487 402 &⁴
514 362 788 397 terminacionibus
808 360 878 404 suis
893 384 904 399 ‚
930 371 966 394 ut

202 415 318 450 dic-tum
343 413 405 456 est,
446 413 500 447 vel
526 413 674 460 quidquit
708 411 836 458 antiqui
862 414 966 458 Reges

195 465 252 510 seu
278 467 479 510 Imperatores
505 465 548 498 (9⁶
574 465 688 511 reliqui
706 464 843 497 homines
863 464 965 496 Deum

203 517 345 549 timentes
390 525 572 550 memoratae
607 514 739 560 sanctae
787 513 964 555 Parmensis

203 565 356 606 Ecclesiae
378 565 445 608 suis
472 567 650 612 Praeceptis
685 566 739 599 vel
775 565 964 606 testamentis

203 615 418 659 contulerunt,
461 617 502 650 (9·
539 617 643 663 postea
680 615 963 663 praecellentiſjimi

204 671 306 714 Reges
332 677 425 713 atque
443 668 587 712 ,Augusti
607 669 668 712 Jua
687 666 874 701 auiioritate
893 681 960 700 con-

196 717 430 761 firmaverunt,
453 715 536 761 juste
563 717 608 755 &¹
635 718 801 764 legaliter,
822 717 961 758 stabili,

201 778 294 814 atque
320 767 504 811 inconvulsa
520 793 529 811 ,
557 767 666 809 nostris
689 767 865 813 futurisque
884 778 961 801 tem—

199 818 325 865 poribus
361 817 395 851 in
432 817 494 862 sua
518 818 664 864 potestate
690 818 743 852 vel
778 817 852 864 jure
887 818 963 864 suae

196 868 325 914 sanique
350 867 526 908 Parmensis
566 868 719 910 Ecclesiae
754 868 962 915 praescriptus

201 925 226 956 S
229 920 382 968 igesredus
422 918 614 966 Episcopus,
648 919 759 965 suique
790 918 962 965 successores

200 969 423 1019 perpetualiter
448 979 594 1005 teneant.
631 970 809 1004 statuimus
843 971 961 1013 etiam,

202 1021 248 1060 &⁴
276 1021 373 1055 modis
399 1019 539 1054 omnibus
566 1020 800 1063 interdicimus,
827 1030 863 1054 ut
889 1021 961 1055 nul—

200 1073 250 1105 lus
270 1071 332 1116 sub
358 1074 470 1116 Regno
496 1070 593 1111 nostro
618 1070 823 1112 constitutus,
849 1074 888 1104 de
913 1084 960 1104 re-

200 1123 256 1156 bus
275 1125 375 1168 supra
394 1130 520 1155 taxatae
539 1120 693 1161 Ecclesiae
712 1120 746 1154 in
766 1120 957 1167 quibuscum-

198 1185 256 1219 que
281 1171 491 1206 comitatibus
516 1172 570 1206 vel
595 1171 670 1205 locis
696 1171 838 1218 aliquam
863 1172 960 1206 dimi-

198 1222 388 1257 norationem
420 1221 541 1266 facere,
583 1232 641 1257 aut
682 1221 766 1256 alias
805 1222 961 1268 quaslibet

197 1273 348 1308 annuales
372 1272 600 1307 dominationes
616 1297 627 1312 ‚
654 1282 710 1307 aut
737 1272 959 1316 consuetumdi-

197 1324 290 1358 naria
317 1336 397 1357 more
431 1323 550 1369 exigere
585 1323 639 1357 vel
674 1323 782 1356 tollere
816 1323 959 1370 aliquit,

197 1385 253 1409 aut
279 1373 415 1407 Clericos
440 1372 576 1417 ejusdem
603 1372 755 1413 Ecclesiae
791 1374 824 1407 in
858 1374 958 1420 perso—

197 1424 247 1457 nis
272 1424 327 1457 vel
352 1423 495 1457 domibus
515 1423 584 1466 suis
609 1425 728 1457 laedere
746 1426 882 1463 audeat,
904 1425 960 1468 sed

197 1473 321 1517 repulsa
356 1472 439 1505 omni
475 1471 593 1514 injusta
627 1472 841 1515 consuetudine
867 1474 959 1508 liceat

195 1533 381 1570 praetaxato
406 1524 580 1556 venerabili
609 1522 758 1568 Episcopo
777 1522 958 1568 Sigefredo,

191 1574 320 1620 suisque
342 1570 576 1618 succefforibus,
611 1586 713 1606 omnes
740 1585 787 1606 res
811 1572 878 1616 jam
905 1574 955 1607 di-

196 1622 267 1659 Hae
293 1622 469 1663 Parmensis
496 1622 672 1665 Ecclesiae,
711 1624 748 1656 de
775 1623 885 1670 quibus
911 1625 954 1657 le-

192 1673 341 1720 gitimam
381 1673 565 1715 vestituram
601 1673 724 1715 tenuit,
764 1675 819 1707 vel
856 1683 958 1708 tenere

193 1724 365 1768 dinoscitur
381 1750 390 1764 ,
418 1734 475 1757 aut
501 1723 534 1757 in
558 1724 700 1765 futurum
727 1732 853 1757 tentura
894 1724 955 1765 est,

193 1786 260 1808 cum
287 1772 441 1813 universis
461 1773 526 1814 fibi
548 1772 700 1817 subjec‘lis
720 1772 781 1816 sub
807 1772 954 1807 immuni—

191 1826 269 1858 tatis
295 1822 414 1866 nostrae
438 1822 611 1865 defensione
637 1823 740 1869 quieto
766 1823 873 1857 ordine
908 1835 954 1858 te-

193 1887 282 1914 nere,
318 1884 410 1919 atque
447 1884 503 1918 pro
531 1873 738 1908 incolomitate
777 1874 878 1915 nostra
903 1877 952 1909 al-

190 1925 338 1969 tiffimum
367 1924 536 1958 Dominum
576 1937 719 1959 exorare.
758 1925 953 1960 Omnimodis

192 1977 287 2008 etiam
310 1974 536 2021 praecipimus,
577 1985 613 2009 ut
641 1974 674 2016 Ji
707 1975 746 2009 de
772 1977 859 2010 rebus
886 1975 953 2018 iam

192 2023 297 2058 dictae
346 2025 498 2066 Ecclesiae
536 2026 637 2060 ullam
677 2025 951 2061 diminorationem

192 2075 342 2121 quislibet
362 2075 463 2119 facere
488 2076 691 2120 temptaverit
705 2101 716 2116 ,
744 2090 804 2110 non
825 2076 870 2117 sit
897 2091 950 2111 ne—

192 2122 262 2170 ceffe
294 2124 362 2169 jam
386 2125 469 2160 dicio
495 2127 647 2174 Episcopo
681 2127 805 2174 eiusque
834 2128 950 2172 succes-

185 2175 308 2220 soribus
329 2175 398 2216 sive
424 2176 556 2220 ejusdem
583 2177 736 2218 Ecclesiae
754 2178 876 2222 causam
894 2190 950 2223 pe-

190 2227 372 2272 ragentibus
387 2253 397 2269 ‚
439 2227 538 2260 ullam
572 2227 673 2270 facere
709 2228 922 2273 probationem
937 2255 948 2274 ‚

183 2278 241 2321 sed
275 2277 445 2323 diligenter
478 2288 531 2323 per
571 2278 665 2312 bonae
693 2278 777 2322 fidei
812 2279 949 2313 homines

184 2327 394 2373 jurejurando
415 2326 574 2372 finiatur,
614 2339 650 2361 ut
676 2329 721 2362 rei
745 2329 866 2364 veritas
891 2331 947 2364 de-

188 2378 344 2413 claretur.
390 2378 584 2425 ,Quicumque
628 2391 698 2425 ergo
723 2378 818 2423 hujus
853 2379 949 2421 nostri

189 2428 349 2476 Praecepti
365 2431 598 2475 praevaricator
616 2429 773 2469 extiterit,
799 2439 949 2464 trecentas

189 2482 258 2514 auri
298 2479 409 2527 optimi
448 2480 564 2515 Libras
598 2491 769 2526 componere
794 2491 946 2526 cogatur,

188 2532 382 2566 medietatem
408 2533 558 2566 Camcrae
585 2530 722 2573 nostrae,
763 2531 806 2565 (θ’
832 2531 944 2565 medie-

284 2585 371 2616 Tom.
389 2583 418 2615 V
417 2583 443 2615 Ι.

1000 714 1027 747 B

997 1172 1028 1206 C

1067 308 1136 354 jam
1171 306 1257 341 dicto
1294 306 1459 353 Sigefredo
1501 305 1678 352 Episcopo,
1713 308 1838 356 ejusque

1063 357 1298 405 successoribus,
1343 357 1405 405 qui
1433 366 1489 403 pro
1523 366 1656 402 tempore
1686 358 1833 401 suerint.

1070 411 1165 456 Quod
1190 419 1226 444 ut
1252 408 1361 443 verius
1387 410 1552 450 credatur,
1588 408 1835 456 diligentiusque

1069 467 1110 496 ab
1136 458 1278 495 omnibus
1298 459 1497 504 observetur,
1525 471 1621 492 manu
1639 459 1767 505 propria
1787 473 1837 494 ro-

1068 514 1234 555 borantes,
1270 511 1309 545 de
1344 510 1439 545 anulo
1476 509 1573 551 nostro
1602 509 1710 554 subter
1736 524 1834 546 anno-

1069 563 1134 598 tari
1159 562 1301 608 juffimus
1316 587 1326 597 .

1119 614 1253 659 Signum
1290 610 1408 648 Domni
1443 610 1590 658 Hugonis
1623 611 1834 660 gloriofiffimi

1068 668 1118 698 Re
1144 665 1188 698 is.

1116 677 1232 749 {etrus
1272 714 1425 750 Notarius
1464 715 1508 749 ad
1547 714 1648 748 vicem
1674 714 1831 749 certandi

1067 766 1212 800 Abbatis
1257 765 1303 804 ὠ*
1343 764 1629 800 Archieancellarii
1670 766 1833 812 recognovi

1067 814 1115 853 ὅ)
1137 815 1324 859 subscripsi.

1119 869 1208 901 Data
1235 868 1322 900 XVI.
1350 867 1513 901 Kalendas
1539 866 1703 906 Offabris,
1730 870 1832 902 Anno

1070 919 1251 951 Dominicae
1296 918 1526 951 Incarnationis
1577 920 1830 953 DCCCCXXX.

1070 969 1177 1014 Regni
1203 980 1276 1001 vero
1303 968 1422 1002 Domni
1448 968 1594 1012 Hugonis
1629 968 1831 1014 invidirffimi

1068 1020 1169 1064 Regis
1197 1021 1234 1053 V.
1262 1017 1438 1052 Indictione
1465 1021 1522 1053 IV.

1109 1071 1137 1112 J
1141 1067 1237 1113 uffum
1265 1068 1409 1111 Papiae,
1451 1067 1498 1106 &⁹
1524 1068 1649 1103 Acium
1675 1072 1830 1115 Parmae,

1067 1118 1099 1152 in
1129 1119 1190 1152 Dei
1217 1118 1338 1152 nomine
1360 1117 1515 1161 feliciter.

1115 1171 1200 1203 Erat
1227 1172 1427 1214 Praeceptum
1454 1169 1555 1216 ipsum
1582 1183 1677 1204 manu
1702 1171 1830 1218 propria

1065 1219 1147 1253 idem
1173 1219 1292 1255 Domni
1318 1219 1450 1266 Hugoni
1472 1221 1720 1267 gloriosiffimum
1758 1226 1830 1257 Rex

1055 1269 1223 1313 firmatum
1239 1297 1249 1313 ,
1277 1269 1324 1307 &⁴
1350 1272 1392 1306 ab
1418 1269 1485 1315 ejus
1511 1273 1606 1305 anulo
1627 1272 1827 1317 sigillatum.

1063 1321 1191 1355 Noticia
1217 1321 1307 1367 ipsa,
1333 1321 1380 1360 ἔφ’
1406 1321 1602 1365 ρναεάὶέῖωη
1628 1326 1829 1370 Praeceptum

1062 1371 1190 1413 olicnli,
1219 1373 1262 1406 (9‘
1287 1370 1328 1406 ab
1369 1372 1476 1406 ordine
1511 1371 1606 1412 lecti,
1644 1373 1828 1419 interrogati

1057 1422 1134 1465 sunt
1158 1422 1342 1466 praediHus
1370 1425 1511 1457 Domnus
1538 1423 1718 1469 Sigesredus
1743 1424 1832 1469 Epi-

1055 1472 1185 1516 scopus,
1213 1473 1260 1511 &⁴
1277 1473 1470 1508 Adelbertus
1489 1474 1621 1508 Notario
1642 1475 1687 1512 &⁹
1706 1479 1828 1510 Advo-

1061 1533 1129 1556 cato
1154 1525 1195 1557 ab
1220 1524 1268 1557 his
1287 1526 1316 1566 J
1319 1523 1418 1557 udices
1447 1522 1494 1560 ὅ)
1515 1525 1826 1572 Auditoribus,'pro

1062 1585 1124 1617 qua
1149 1573 1241 1612 causa
1265 1572 1429 1618 praedicta
1455 1573 1606 1617 Noticia,
1642 1575 1737 1608 etiam
1771 1577 1825 1609 di-

996 1624 1029 1657 D
1062 1620 1146 1655 Hum
1182 1625 1382 1665 Praeceptum
1421 1622 1628 1664 ostenderent.
1669 1625 1739 1670 ‚Qui
1773 1625 1824 1660 di-

993 2074 1022 2108 E
1059 2084 1098 2110 ut
1125 2074 1245 2110 dicant
1272 2074 1332 2110 iste
1359 2076 1538 2111 Albuinus
1565 2078 1674 2120 Judex

1062 1682 1196 1706 xerunt:
1226 1674 1315 1707 Vere
1343 1673 1422 1707 ideo
1451 1673 1508 1707 hic
1537 1674 1638 1709 vestri
1667 1675 1827 1718 praesen-

1062 1722 1132 1756 tiae
1160 1722 1219 1757 ista
1245 1721 1443 1757 ostenfimus
1472 1723 1620 1759 Noticia
1657 1725 1689 1759 ὃ(
1723 1728 1827 1761 Prae-

1061 1782 1223 1819 ceptum,
1252 1782 1293 1808 ut
1319 1786 1361 1807 ne
1388 1773 1557 1820 quislibet
1586 1774 1694 1810 homo
1730 1776 1825 1811 dice-

1059 1836 1095 1857 re
1123 1821 1225 1870 poffit
1242 1847 1250 1860 ,
1278 1822 1371 1870 quod
1399 1836 1462 1858 nos
1489 1837 1507 1858 a
1529 1833 1624 1871 parte
1645 1826 1823 1873 praediffio

1060 1872 1248 1921 Episcopio
1291 1872 1425 1908 sanstae
1471 1875 1659 1910 Parmensis
1701 1878 1825 1912 Eccle-

1059 1922 1122 1958 fiae
1149 1923 1198 1958 eis
1227 1923 1358 1966 sciens,
1387 1933 1446 1959 aut
1472 1926 1633 1969 occulte,
1661 1927 1717 1961 vel
1740 1940 1825 1962 con-

1059 1973 1192 2009 ludiose
1237 1973 1472 2010 habuissemus
1514 1977 1571 2010 vel
1613 1977 1824 2014 detenuisse-

1060 2037 1155 2060 mus.
1198 2026 1245 2059 Et
1281 2024 1374 2070 quod
1403 2026 1479 2072 plus
1507 2025 1572 2068 est,
1612 2027 1821 2074 querimus,

1709 2092 1822 2126 quon-

1058 2125 1137 2160 dam
1167 2125 1284 2169 Petri,
1312 2125 1474 2173 idemque
1501 2127 1616 2170 judici
1637 2127 1754 2173 filius,
1782 2128 1821 2166 &

1060 2178 1223 2212 Avocato
1244 2178 1465 2212 Domnorum
1489 2180 1621 2226 Regum
1636 2206 1647 2223 ,
1667 2178 1722 2214 seu
1746 2193 1822 2228 pars

1058 2226 1220 2274 publica,
1262 2226 1324 2275 qui
1371 2227 1428 2262 hic
1456 2227 1497 2263 ad
1526 2228 1660 2275 presens
1687 2229 1755 2273 est,
1796 2230 1821 2266 fi

1057 2277 1190 2312 noticia
1227 2277 1287 2313 ista
1327 2278 1361 2313 ὃ(
1405 2278 1473 2326 jam
1511 2279 1644 2314 dictum
1676 2282 1819 2317 Praece-

1056 2337 1155 2375 ptum
1183 2328 1314 2364 bonum
1351 2326 1389 2364 &
1426 2341 1532 2364 verax
1569 2329 1670 2375 sunt,
1711 2333 1767 2367 vel
1794 2331 1817 2368 fi

1054 2379 1124 2427 jam
1165 2378 1259 2414 diRa
1301 2379 1520 2423 Curticella‚
1573 2380 1636 2428 qui
1675 2392 1820 2417 vocatur

1053 2430 1215 2473 Luculo,
1252 2429 1337 2465 ficut
1373 2431 1407 2464 δ(
1453 2429 1491 2465 in
1518 2429 1577 2466 ista
1617 2432 1751 2467 noticia
1778 2432 1816 2469 ὃς

1055 2482 1305 2528 Praeceptum,
1342 2493 1430 2529 quae
1458 2479 1494 2515 in
1523 2494 1560 2516 ea
1590 2482 1814 2523 continetur,

1027 2563 1030 2567 .
1053 2531 1108 2566 ve}
1137 2530 1172 2565 in
1202 2530 1264 2565 isto
1291 2530 1363 2566 alio
1394 2532 1607 2579 Praecepto,
1644 2546 1727 2568 uuas
1755 2532 1815 2569 iste

1155 2582 1183 2612 X
1652 2583 1764 2617 Dom-
