2169 3047
286 225 303 249 G
324 225 334 240 Ἰ

242 226 411 310 e9piinnis
438 263 568 299 laneis.
608 264 719 299 Durat
748 265 859 301 adhuc
886 266 949 302 uni
992 266 1023 300 A

242 316 321 351 viae
347 314 456 350 Urbis
483 313 613 348 nostrae
640 328 767 350 nomen
795 317 823 350 le
849 322 947 363 Sgar-

242 368 344 409 zerie,
373 364 551 408 inditum,
580 378 688 409 quum
726 368 794 401 Ars
832 370 947 403 Lana-

240 416 290 450 ria
320 414 408 461 apud
446 427 507 449 nos
545 414 744 451 efflorebat.
782 420 833 452 At
861 432 946 465 quo-

239 463 334 498 niam
373 464 513 499 Labrum
555 467 680 500 Veneris
715 468 757 502 ab
795 468 948 505 Etruscis

238 516 342 549 Cardo
378 516 411 549 &
439 518 601 560 Curdone,
638 519 671 552 &
709 531 728 553 a
764 520 948 555 Germanis

240 566 477 607 Kanendistel,
505 565 706 603 Matthiolo
742 568 816 616 ipso
845 571 947 614 teste,

239 617 456 663 appellatur,
496 617 593 652 vides
632 618 731 654 verbi
772 620 945 669 originem

239 665 436 711 Scardaffare
463 667 504 702 ab
533 669 652 704 eodem
692 669 823 717 semper
852 671 948 707 fonte

239 715 304 751 effe
332 717 536 763 petendam.
567 721 605 754 In
642 720 842 764 Capitulari
879 724 948 757 Ca—

238 766 307 802 roli
332 768 457 816 Magni
483 769 524 804 de
550 770 682 810 Villis,
703 772 807 806 Tom.
831 772 858 808 I.
879 774 949 809 Ca-

239 815 381 864 pitular.
421 820 539 855 Baluz.
578 834 654 869 pag.
683 833 765 869 337.
794 823 834 858 ad
872 833 947 859 tex-

239 867 369 903 trinam
410 869 596 906 ministrari
636 872 799 919 jubentur
825 874 948 915 linum,

239 919 341 962 lana,
377 919 536 966 petilian,
574 923 734 967 laminae,
768 928 948 970 Camlones,

235 968 311 1014 [apo
337 970 410 1009 dre.

191 1021 333 1064 scarpa.
362 1023 510 1058 Calceus.
540 1024 632 1060 Vide
661 1024 946 1062 Differtationem

242 1071 353 1105 XXV.
381 1076 420 1107 de
448 1075 618 1111 Textrina.

188 1121 312 1164 Scarfh.
340 1125 479 1163 Parcus.
508 1127 667 1166 Mantus,
696 1127 862 1171 Exiguus.
891 1127 947 1162 Ut

236 1171 411 1214 originem
441 1173 539 1206 vocis
575 1174 676 1219 hujus
706 1176 946 1222 attingerent,

236 1217 364 1252 mirum
387 1219 423 1253 in
448 1221 589 1256 modum
618 1222 648 1258 se
670 1223 842 1260 torserunt
866 1228 944 1261 Fer-

234 1268 343 1302 rarius
372 1267 408 1303 &
438 1272 646 1316 Menagius.
687 1275 752 1308 me
780 1288 798 1308 a
837 1280 945 1309 Decre-

229 1317 344 1360 Jcens‚
373 1316 431 1351 hic
460 1318 502 1351 ab
530 1322 694 1363 Exparcus
722 1322 856 1357 traxit:
892 1324 945 1358 sed
971 1340 974 1370 3
1030 1365 1032 1369 y

236 1375 382 1413 uterque
403 1367 512 1405 mira,
540 1381 652 1414 neque
673 1370 839 1407 credenda
862 1387 944 1407 con·
971 1371 973 1391 ¹
1029 1394 1035 1408 ι

235 1415 356 1464 geffit.
386 1417 460 1453 Vix
488 1417 563 1454 falli
591 1433 645 1456 me
668 1431 808 1467 putem,
837 1437 944 1471 quum
970 1396 974 1458 i

236 1466 381 1510 dixero,
419 1468 461 1503 ab
499 1472 552 1503 Ex
588 1469 626 1506 &
663 1475 766 1519 Carpo
795 1475 944 1510 vocabu-

235 1518 308 1552 lum
347 1517 413 1553 hoc
450 1520 639 1557 emerfiffe.
675 1526 845 1570 Excerpere
871 1525 941 1569 est,

233 1568 432 1616 portionem
474 1584 516 1606 ex
557 1572 692 1621 integra
733 1576 836 1610 maffa
873 1575 941 1611 five

233 1631 359 1654 acervo
386 1620 584 1658 detrahere:
615 1625 648 1658 δε
677 1639 764 1672 quae
784 1629 941 1671 Excerpra
969 1636 972 1647 ·

234 1669 426 1715 dicuntur,
463 1672 623 1709 indicant
661 1676 777 1712 minus
806 1677 942 1724 aliquid

233 1719 272 1756 in
301 1723 564 1769 comparatione
601 1727 744 1773 majoris
783 1728 942 1771 numeri,

233 1782 294 1806 aut
322 1773 453 1808 molis:
493 1775 584 1821 quod
625 1776 738 1820 ipsum
768 1779 875 1818 Scarfo
903 1778 939 1813 fi-

233 1821 400 1869 gnificat.
430 1826 546 1872 Atqui
576 1836 708 1862 veteres
739 1829 857 1864 Italici
885 1829 941 1864 de-

233 1872 423 1908 formantes
452 1876 628 1923 Linguam
655 1879 820 1915 Latinam
837 1907 846 1921 ,
874 1883 941 1914 Ex-

233 1935 322 1969 carpo
362 1937 423 1971 pro
454 1928 593 1971 Excerpe>
629 1928 770 1971 dixere,
808 1929 844 1965 &
875 1933 943 1964 Ex-

234 1973 333 2020 carpfi
360 1987 421 2021 pro
450 1977 622 2020 Excerpsi,
659 1980 691 2013 8<
730 1981 943 2027 Exurpsum,

234 2024 302 2059 sive
319 2026 511 2065 Exmrlum,
535 2041 595 2073 pro
613 2031 823 2074 Excerptum.
847 2033 942 2066 Tan·
1031 2050 1034 2074 ρ

234 2074 312 2109 dem
341 2075 383 2110 ab
412 2079 602 2124 Exeat-psum
630 2080 770 2116 effecere
793 2082 943 2125 ΕΓεανίο,
982 2075 1034 2114 Ε’

234 2124 358 2161 deinde
394 2128 520 2168 scarso.
557 2129 656 2164 Olim
693 2132 789 2167 Galli
819 2133 852 2167 &
881 2127 970 2191 ipfi}

235 2175 398 2212 dicebant
439 2180 572 2222 Escars.
611 2182 723 2229 Angli
762 2186 844 2218 verb
882 2183 943 2218 ha-

235 2226 318 2261 bent
339 2230 467 2270 Scarce,
489 2233 618 2268 Rarus,
645 2233 773 2277 scarso,
795 2235 827 2268 &
849 2237 940 2268 Scar-

232 2277 331 2321 ceness
369 2291 407 2312 ac
448 2280 612 2323 Scarfity,
655 2283 747 2329 quod
789 2284 834 2318 est
878 2297 942 2319 no-

232 2328 336 2363 strum
376 2330 572 2375 Scarsczzcn
611 2333 775 2369 Pan-itas.
814 2336 940 2382 Belgae

233 2390 371 2426 quoque
407 2381 536 2415 scham
572 2381 720 2419 dicunt:
761 2398 848 2431 quae
876 2398 939 2420 vo-

234 2440 288 2463 ces
317 2430 457 2465 eandem
490 2432 665 2480 originem
704 2434 833 2470 habent
860 2449 938 2471 cum

236 2478 361 2514 Italico
412 2483 519 2526 Scarso
538 2509 546 2518 .
595 2484 730 2521 Deinde
773 2487 939 2521 translata

236 2539 307 2571 vox
348 2530 388 2567 ad
429 2531 588 2570 homines
623 2537 702 2585 plus
738 2549 845 2585 quam
881 2536 940 2573 de-

997 717 1025 751 B

986 1167 1020 1203 C

1023 2518 1029 2568 ί

539 204 904 249 ΒῘΞΒΕΚΤΛΤΙΟ
934 203 1473 250 ΤΚΙΕΕΒΙΜΑΤΕΚΤΙΑῖ

1675 224 1763 263 970

1118 271 1216 307 ceat‚
1251 265 1383 297 Parcas.
1427 265 1550 311 Neque
1590 265 1822 301 dubitandum

1117 315 1159 350 de
1181 312 1405 360 corruptione
1427 316 1521 348 verbi
1541 318 1696 362 Excerpe,
1717 328 1824 364 quam

1119 365 1249 400 innui.
1293 366 1385 399 Nam
1423 363 1475 398 uti
1519 366 1750 413 DuCangius
1786 367 1824 402 in

1117 415 1264 451 Giofl'ar.
1305 413 1426 450 Latin.
1467 413 1743 456 animadvertit,
1784 417 1824 453 in

1117 465 1287 501 Concilio
1307 463 1500 500 Turonenfi
1524 465 1569 500 H.
1590 466 1696 500 Anno
1717 467 1825 503 Chri-

1116 515 1156 552 sti
1186 517 1337 552 DLVII.
1369 517 1456 563 Cap.
1487 527 1543 551 21.
1579 515 1709 564 legitur
1745 519 1825 552 Pla-

1116 567 1180 602 cuit
1214 568 1309 601 etiam
1343 569 1382 601 de
1411 566 1623 600 voluminibus
1661 568 1824 603 Librorum

1114 628 1215 662 pauca
1239 619 1465 663 perstringere,
1493 618 1539 656 ψ’
1566 617 1750 652 Canonibus
1771 619 1825 652 in-

1109 668 1232 713 serere„
1260 680 1295 702 ut
1321 668 1453 713 Scarpsa
1484 668 1577 703 lec‘lio
1612 673 1650 702 de
1686 668 1762 702 aliis
1790 669 1825 704 in

1115 732 1212 753 unum
1239 721 1381 754 recitetur
1399 721 1443 753 ad
1462 720 1641 762 Populum:
1667 718 1734 753 hoc
1754 719 1799 753 est
1813 746 1824 762 ‚

1116 779 1156 804 ut
1183 773 1338 816 Excerpta
1374 769 1465 803 teflio
1500 773 1539 803 de
1564 770 1641 804 aliis
1668 768 1825 805 volumi-

1114 819 1217 856 nibus
1245 822 1310 855 &c.
1351 819 1404 856 Ita
1441 833 1485 856 ex
1521 820 1655 856 Codice
1684 821 1825 855 Bellua-

1115 870 1201 906 cenfi
1231 871 1433 907 sirmondus
1470 880 1606 906 textum
1645 870 1737 906 hunc
1764 870 1825 906 de-

1114 921 1276 968 scripsit.
1319 924 1358 957 In
1395 921 1620 957 Colleffione
1658 922 1824 969 Andega-

1114 971 1207 1008 venfi
1235 974 1384 1022 legitur:
1424 974 1587 1018 Scarpsum
1613 975 1652 1006 de
1680 972 1824 1018 Eprflola

1113 1023 1229 1057 Leonis
1254 1025 1299 1058 ad
1319 1023 1500 1065 Rusticum,
1531 1036 1591 1070 pro
1617 1026 1823 1069 Excerptum.

1112 1072 1206 1108 Vide
1251 1074 1358 1109 etiam
1409 1074 1590 1109 Baluzium
1637 1075 1744 1109 Tom.
1787 1083 1822 1108 2.

1111 1122 1308 1167 Capitular.
1338 1137 1413 1170 pag.
1446 1125 1551 1169 1067.
1584 1126 1676 1158 [nter
1704 1132 1823 1158 vetera

1113 1172 1285 1207 Analesta
1322 1186 1341 1206 a
1379 1172 1597 1207 Mabillonio
1635 1172 1695 1207 Cl.
1733 1172 1825 1206 Viro

1111 1219 1206 1256 edita
1245 1235 1320 1268 pag.
1349 1223 1409 1266 65.
1446 1220 1654 1257 noviffimae
1691 1222 1824 1257 editio—

1114 1270 1168 1304 nis
1185 1297 1194 1311 ,
1223 1274 1376 1306 occurrit
1405 1271 1550 1306 Libellus
1576 1273 1720 1306 Abbatis
1746 1272 1825 1306 Pir-

1113 1319 1231 1361 minii,
1268 1322 1307 1353 de
1335 1321 1474 1364 singulis
1512 1321 1618 1354 Libris
1655 1322 1827 1356 canonicis

1112 1369 1279 1412 „scarapsus
1290 1382 1306 1402 .·
1322 1368 1539 1405 scribendum
1560 1370 1715 1418 profefiio
1729 1376 1824 1407 Scar-

1110 1419 1206 1462 psus,
1236 1419 1317 1455 idest
1348 1424 1538 1466 Excerptus.
1575 1424 1628 1457 Ex
1665 1422 1719 1458 his
1749 1424 1823 1465 pla-

1114 1482 1157 1504 ne
1184 1469 1287 1506 habes
1323 1471 1585 1519 corruptionem
1624 1473 1721 1508 verbi
1752 1477 1824 1508 Ex-

1113 1533 1197 1565 cerpo
1224 1522 1256 1555 8<
1288 1524 1483 1567 Excerptus,
1521 1522 1690 1570 simulque
1727 1523 1822 1560 anti-

1113 1571 1287 1617 quitatem
1326 1572 1489 1607 vocabuli
1524 1573 1822 1610 Latino-Barbari

1113 1622 1284 1667 Scarpsus‚
1321 1622 1413 1670 quod
1452 1622 1543 1658 idem
1582 1623 1626 1659 est
1654 1637 1692 1659 ac
1722 1624 1824 1660 Itali-

1115 1685 1192 1707 cum
1221 1674 1347 1717 scarso.
1387 1672 1541 1713 Nescio,
1574 1687 1617 1709 an
1654 1674 1823 1711 irrisionis

1115 1722 1228 1758 caussa
1256 1733 1376 1759 natum
1404 1723 1493 1760 forte
1521 1724 1627 1760 fuerit
1647 1726 1823 1769 Scarsella,

1113 1773 1308 1822 significans
1333 1775 1535 1814 Mancinum,
1562 1775 1654 1822 quasi
1682 1775 1733 1811 ibi
1763 1789 1822 1824 pa-

1113 1838 1187 1860 rurn
1229 1826 1393 1870 pecuniae
1431 1826 1634 1874 plerumque
1672 1827 1821 1862 lateret.

1112 1875 1168 1910 Est
1195 1876 1310 1912 Gallis
1346 1875 1383 1912 &
1424 1876 1590 1925 Hispanis
1628 1876 1712 1912 haec
1748 1876 1821 1924 ipsa

1112 1939 1205 1966 vox,
1243 1928 1339 1975 cujus
1376 1927 1477 1976 origo
1514 1927 1624 1964 adhuc
1660 1926 1752 1963 mihi
1788 1927 1821 1963 i·-

1110 1986 1239 2024 gnota.

1058 2029 1203 2064 Scatola.
1231 2030 1355 2074 Pyxis.
1394 2030 1543 2066 Derivat
1579 2030 1668 2065 hanc
1695 2042 1820 2065 vocem

1109 2080 1297 2127 Menagius
1325 2094 1343 2115 a
1370 2080 1496 2124 Capsa,
1534 2081 1700 2124 capsula.
1739 2082 1822 2114 Fer-

1109 2129 1219 2165 rarius
1250 2131 1306 2165 vel
1333 2143 1350 2165 a
1381 2131 1546 2174 Capsula‚
1576 2130 1633 2165 vel
1661 2143 1680 2165 a
1707 2130 1821 2174 Scasu-

1105 2181 1160 2219 la,
1190 2180 1247 2215 vel
1276 2193 1294 2215 a
1321 2181 1477 2222 castula.
1507 2179 1760 2215 Divinationes
1788 2179 1819 2215 i-

1107 2243 1234 2266 nanes.
1277 2232 1331 2266 Ex
1375 2231 1588 2266 Germanico
1630 2231 1820 2275 nimand,

1111 2281 1168 2316 vel
1207 2281 1365 2321 Sebatul,
1407 2281 1499 2328 quod
1542 2280 1619 2316 suae
1660 2281 1820 2328 Linguae

1111 2330 1334 2378 primitivum
1395 2332 1604 2368 vocabulum
1661 2331 1820 2367 Mathias

1107 2384 1329 2418 Crammerus
1361 2391 1482 2430 putat,
1517 2382 1682 2418 Italicum
1710 2385 1818 2417 Scato-

1105 2434 1138 2468 Ia
1166 2431 1343 2468 manavit.

1054 2488 1217 2519 Scemare.
1247 2484 1419 2518 Minuere.
1448 2484 1624 2520 Ferrarius
1662 2485 1705 2519 ab
1732 2484 1818 2518 Exi.

1104 2547 1203 2579 mere,
1230 2534 1417 2583 Menagius
1456 2549 1474 2572 a
1511 2536 1721 2592 Smnfimuss
1759 2534 1817 2571 U-

1667 2594 1756 2622 triu-
