2169 3047
235 194 318 247 405

178 411 1805 542 DISSE'RTATIO

380 632 1613 710 TRIGESIMASECUNDA‚

508 860 557 880 *ὅ
594 853 742 889 mentari
772 853 872 901 juvat
898 855 936 886 de

592 904 721 950 Origine
739 904 883 949 Linguae
902 904 934 936 I-

505 975 519 990 2
535 975 559 999 ¹²:
594 955 728 995 talicae,
751 967 818 1000 qua
844 964 934 987 nunc

465 996 539 1044 ,ἧς
593 1003 763 1052 utimur3
806 1002 935 1050 spe6³mt

594 1053 688 1089 enim
717 1052 755 1088 &
784 1052 857 1100 ipsa
893 1052 934 1087 ad

593 1103 790 1138 institutum
804 1115 933 1145 meum,

399 1180 415 1185 „
465 1182 467 1184 ,
596 1152 762 1188 videlicet
783 1152 824 1188 ad
844 1160 932 1187 tem-

173 1217 256 1252 pora
284 1204 375 1247 illa,
402 1216 489 1251 quae
518 1202 607 1239 mihi
638 1204 756 1250 aliqua
783 1217 826 1238 ex
857 1216 931 1250 par-

173 1265 209 1290 te
237 1254 436 1290 illustranda
464 1254 613 1302 suscepi.
646 1254 932 1289 Differtationem

173 1305 238 1341 hac
263 1305 304 1340 de
331 1318 364 1340 re
389 1305 456 1352 jam
483 1305 580 1339 dedit
605 1305 763 1351 Angelus
788 1304 829 1339 de
857 1306 932 1339 Nu—

174 1369 212 1391 ce
238 1356 276 1391 in
305 1355 412 1390 Notis
443 1354 484 1389 ad
512 1353 671 1390 Ostienfis
699 1354 831 1390 Chron.
860 1352 931 1390 Ca·

176 1405 236 1441 fin.
264 1404 319 1439 sed
347 1414 418 1439 tam
450 1405 564 1452 jejune
582 1433 590 1446 ‚
628 1415 666 1439 ut
693 1404 785 1439 nihil
815 1405 930 1451 supra.

175 1454 239 1490 Sed
260 1453 352 1500 quod
377 1453 478 1488 fateri
503 1453 540 1488 δι’,
566 1467 630 1501 ego
655 1466 724 1487 non
749 1454 931 1491 erubesco,

173 1504 198 1539 sl
226 1516 333 1551 quum
361 1502 402 1538 de
430 1503 509 1537 aliis
537 1505 688 1550 loquor,
720 1503 849 1538 blaesus
879 1503 928 1537 vi-

173 1555 279 1596 deor,
316 1553 393 1588 heic
431 1566 535 1600 paene
572 1553 747 1601 elinguem
776 1554 833 1588 vel
862 1553 931 1600 post

172 1605 285 1640 multa
315 1605 417 1639 verba
447 1617 501 1638 me
528 1603 662 1638 dicam.
699 1604 929 1650 Exploratum

173 1654 251 1690 sane
276 1654 342 1697 est,
367 1655 400 1688 ὃς
426 1665 523 1688 extra
549 1653 816 1689 controversiam
843 1654 930 1701 jarn-

172 1705 234 1740 diu
257 1704 401 1751 positum
417 1731 425 1745 ,
441 1718 484 1738 ex
506 1705 655 1739 Latinae
675 1703 834 1751 Linguae
855 1717 928 1738 cor-

169 1755 355 1802 ruptione..
386 1752 423 1788 &
453 1753 564 1788 veluti
592 1767 635 1788 ex
663 1753 762 1788 iilius
790 1754 928 1788 tumulo

173 1804 338 1840 emersisse
365 1803 541 1850 Linguam
579 1816 649 1837 non
683 1804 929 1839 tantummodo

171 1854 341 1897 nostram,
367 1853 419 1887 sed
448 1854 480 1887 S<
510 1853 708 1896 Gallicam,
731 1863 834 1901 atque
860 1854 928 1889 Hi-

162 1905 367 1952 ‘spanicarrh
405 1906 535 1938 Verum
565 1917 632 1950 qua
668 1904 830 1947 ratione,
859 1918 928 1952 quo

172 1964 355 2002 ternpore,
383 1954 507 2000 quibus
544 1967 585 1989 ex
615 1954 734 1990 cauffis
762 1955 928 1991 acciderit

172 2014 270 2040 ‘tanta
298 2003 421 2039 Latini
448 2003 613 2040 sermonis
641 2004 868 2050 immutatio,
893 2007 926 2040 8<

172 2063 271 2089 tanta
296 2054 385 2098 apud
408 2067 470 2089 nos
492 2055 731 2092 Dialeaorum
756 2056 925 2095 varietas,

172 2104 330 2140 divinare
355 2103 495 2150 quidem
524 2114 627 2153 atque
653 2106 792 2154 opinari
819 2107 925 2145 licet,

171 2155 276 2190 tertis
292 2167 404 2189 rerum
422 2154 640 2191 documentis
660 2156 832 2192 ostendere
854 2170 924 2192 non

160 2205 275 2240 iicet.
300 2207 408 2247 ,Nam
438 2206 494 2239 vel
521 2205 594 2252 ipsa
621 2205 766 2242 florente
794 2210 924 2243 Roma-

169 2254 294 2290 norum
322 2255 532 2302 Republici,
559 2257 593 2290 &
618 2256 677 2292 sub
702 2257 824 2303 primis
850 2258 924 2293 Im-

170 2305 409 2354 peratoribus,
445 2305 603 2352 quisnam
633 2307 756 2353 quaeso
785 2308 923 2355 liquido

170 2369 232 2391 nos
259 2356 408 2399 doceat,
437 2356 550 2403 qualis
587 2357 735 2392 Latinae
763 2358 923 2406 Linguae

168 2406 271 2442 status
303 2405 393 2441 foret
429 2405 466 2440 in
507 2405 728 2445 Provinciis,
765 2409 799 2442 8<
826 2417 924 2444 extra

171 2459 318 2492 Romam
333 2484 343 2500 ,
364 2469 401 2492 ac
422 2456 566 2492 Latium
580 2484 590 2499 ,
612 2466 693 2504 puta
715 2457 752 2492 in
772 2458 922 2502 Galliis,

554 832 557 836 .
574 801 708 850 Liquid
720 801 828 838 etiarn
838 814 936 837 com·
974 802 1007 837 A

169 2505 281 2543 immo
300 2508 336 2542 &
362 2520 420 2556 per
445 2506 639 2543 universam
665 2507 734 2544 fere
757 2508 920 2546 Italiam?
950 2546 953 2556 Ξ

1042 802 1214 836 Attamen
1241 801 1461 852 Linguarum
1489 805 1631 854 genium
1658 819 1722 843 nos
1749 808 1800 845 sa-

1042 851 1088 886 tis
1117 851 1304 888 novimus.
1342 856 1457 890 Unam
1487 855 1628 902 quidem
1660 858 1802 895 univer-

1043 901 1075 935 sa
1094 928 1104 944 ,
1133 910 1171 937 ut
1198 902 1249 938 ita
1275 904 1424 951 loquar,
1455 905 1566 941 Natio
1594 907 1800 954 profitetur,

1045 951 1098 986 sed
1126 965 1212 999 quae
1241 953 1279 989 in
1316 955 1431 1002 plures
1459 956 1638 992 DialeStos
1666 958 1804 999 divisa,

1044 1001 1147 1037 aliter
1165 1002 1203 1037 in
1228 1016 1295 1038 una
1324 1005 1532 1050 Provincia,
1558 1007 1661 1043 aliter
1685 1008 1721 1043 in
1749 1011 1802 1045 al-

1044 1060 1137 1090 tera,
1155 1052 1358 1103 usurpatur;
1379 1055 1492 1091 immo
1512 1056 1604 1092 inter
1621 1058 1801 1106 Linguam

1045 1101 1146 1136 unius
1173 1102 1376 1148 Civitatis,
1414 1107 1447 1140 8(
1483 1107 1696 1154 reliquarum
1727 1110 1805 1157 eju-

1044 1151 1135 1187 sdem
1175 1153 1383 1190 Provinciae
1412 1157 1585 1201 Urbium,
1622 1158 1802 1196 diversitas

1043 1203 1225 1252 occurrit3
1263 1206 1296 1240 ὅ(
1331 1207 1424 1252 quod
1463 1208 1538 1254 plus
1575 1208 1726 1253 mirere,
1764 1210 1803 1246 in

1043 1252 1121 1300 ipsis
1149 1254 1369 1302 ampliffimis
1394 1256 1615 1294 Civitatibus
1643 1259 1736 1296 inter
1763 1275 1803 1297 u-

1043 1315 1122 1337 nam
1148 1304 1250 1352 ipsius
1271 1306 1444 1343 Civitatis
1465 1309 1641 1356 regionem
1656 1338 1666 1353 ‚
1691 1312 1724 1346 8<
1747 1325 1804 1347 ce·-

1043 1362 1131 1389 teras
1149 1381 1159 1398 ,
1196 1369 1266 1390 non
1300 1358 1414 1393 levem
1444 1357 1610 1395 sermonis
1638 1361 1802 1398 differen-

1043 1403 1130 1439 tiam
1170 1404 1365 1442 sentimus.
1404 1408 1502 1452 Quid
1541 1409 1676 1456 Italia,
1713 1413 1801 1460 quid

1042 1455 1181 1496 Gallia,
1203 1456 1394 1504 Hispania,
1417 1458 1453 1493 ὅ(
1475 1461 1685 1505 Germania,
1706 1463 1800 1510 quod

1042 1503 1085 1538 est
1113 1504 1153 1539 ad
1182 1505 1279 1541 hasce
1309 1507 1487 1542 Dialefflos
1515 1510 1619 1556 longe
1648 1511 1741 1548 inter
1768 1513 1800 1548 se

1041 1553 1221 1594 diversas,
1262 1557 1478 1604 temporibus
1520 1559 1640 1595 nostris
1683 1559 1799 1607 ferat,

1041 1603 1132 1637 nihil
1160 1604 1204 1639 est
1231 1606 1323 1651 quod
1351 1619 1416 1654 ego
1444 1620 1634 1645 memorem
1651 1637 1661 1654 ,
1690 1625 1800 1658 quan—

1040 1652 1084 1687 do
1105 1667 1155 1688 res
1183 1655 1359 1691 notiffima
1382 1658 1417 1692 in
1438 1657 1596 1694 omnium
1623 1674 1717 1697 aures
1743 1662 1799 1698 in-

1039 1703 1171 1738 currit.
1203 1706 1371 1750 Adeone,
1400 1708 1546 1755 quaeso,
1577 1710 1676 1747 beata
1704 1712 1798 1748 fuere

1041 1755 1278 1791 Romanorum
1307 1765 1486 1805 tempora,
1515 1767 1554 1794 ut
1582 1773 1703 1807 purum
1735 1776 1797 1810 pu*-

1039 1812 1113 1838 tum
1144 1805 1243 1841 Latii
1281 1805 1473 1843 sermonem
1501 1809 1681 1847 universae
1712 1814 1798 1848 Pro-

1039 1853 1176 1889 vinciae
1214 1857 1366 1892 Romani
1398 1858 1569 1906 Imperii,
1608 1860 1720 1898 immo
1759 1862 1798 1900 δί

1038 1903 1185 1952 singulae
1223 1904 1427 1952 Civitates,
1463 1910 1497 1944 8<
1535 1923 1613 1947 rura
1649 1913 1797 1958 omnia,
1831 1925 1838 1931 ·

1036 1953 1073 1989 in
1095 1953 1154 1990 usu
1174 1954 1381 2000 habuerint,
1402 1960 1435 1993 8<
1460 1973 1502 1994 ex
1523 1959 1567 1996 iis
1593 1963 1688 1998 nulla
1713 1977 1795 2011 gens

1036 2005 1077 2039 ab
1099 2006 1206 2041 altera
1231 2007 1446 2044 diffenserit?
1471 2011 1644 2057 Equidem
1669 2013 1702 2048 id
1727 2015 1795 2050 mi-

1036 2053 1073 2089 hi
1096 2068 1271 2104 nunquam
1296 2058 1487 2105 persuaderi
1513 2060 1615 2097 finam
1631 2090 1641 2106 ‚
1666 2064 1699 2098 δ(
1721 2064 1795 2100 soe-

1035 2104 1169 2142 diffime
1196 2120 1254 2142 eos
1283 2107 1360 2144 falli
1397 2118 1508 2156 puto,
1545 2111 1568 2146 fi
1596 2113 1657 2159 qui
1686 2113 1792 2156 sunt,

1035 2156 1160 2202 quibus
1186 2157 1311 2205 opinio
1350 2159 1541 2206 insederit,
1578 2162 1676 2199 fuiffe
1703 2165 1792 2202 olim

1034 2207 1184 2243 Latinae
1213 2207 1374 2256 Linguae
1404 2211 1561 2247 eamdem
1600 2214 1791 2261 puritatem

1034 2270 1072 2291 ac
1096 2258 1420 2304 pronuntiationem
1450 2274 1509 2310 per
1533 2262 1728 2301 universam
1755 2266 1790 2302 I-

1033 2306 1180 2350 taliam,
1208 2322 1296 2356 quae
1324 2313 1456 2347 Romae
1484 2322 1556 2349 erat
1573 2340 1582 2349 .
1619 2317 1729 2351 Erant
1754 2318 1789 2352 ὃς

1033 2366 1116 2392 tunc
1145 2358 1299 2396 Dialefi‘ti
1328 2363 1552 2412 compltzres;
1582 2378 1620 2400 ac
1650 2376 1789 2413 propte-

1033 2421 1088 2443 rea
1110 2422 1217 2457 quum
1245 2410 1283 2446 in
1307 2411 1410 2447 Livii
1434 2412 1556 2449 Libris
1584 2415 1717 2462 aliquid
1747 2431 1789 2453 ex

1035 2459 1203 2496 Patavina
1242 2460 1406 2497 Dialeeio
1449 2465 1599 2500 Romani
1641 2465 1791 2502 suboffe-

1034 2509 1179 2549 ciffent,
1216 2510 1249 2546 ei
1279 2512 1486 2547 Pata-vinitas
1521 2515 1658 2562 objeE'ta
1695 2516 1790 2554 fuit..

1076 2562 1106 2594 C
1135 2573 1150 2593 c
1181 2572 1202 2594 2
1622 2566 1738 2600 {mmo
