2169 3047
293 210 369 264 581
578 202 945 248 DJSSkRTATJo
977 199 1523 244 TRJGESJMATERTJA;
1724 209 1773 261 58
1786 223 1802 247 2

235 268 376 309 potuit.
403 267 484 301 Hoc
520 275 636 301 autem
674 262 814 298 Gallica
851 263 990 311 Lingua
1031 264 1058 296 A
1106 259 1356 308 antiquiffimis
1387 260 1510 296 Italiae
1538 260 1712 312 L³nguis;
1743 265 1865 300 autad

231 315 270 352 in
298 316 426 359 cubus,
453 317 486 351 δι
515 315 628 352 Tusca
659 313 839 351 DialeStus
869 314 903 349 in
925 318 986 349 Ca-

225 369 330 415 puccio
357 368 466 416 postea
494 366 703 403 convertisse
727 366 884 401 videtur.
907 367 988 400 Mu—

232 417 382 454 tinenses
423 418 654 464 pronuntiant
693 420 853 464 Cnjwzz,
897 417 988 463 quod

231 481 352 517 parurn
380 469 481 505 distat
510 484 528 505 a
555 470 698 507 Gallico
735 471 866 504 cubus.
906 469 987 502 Pro-

228 520 368 568 gredior
385 547 394 556 .
433 521 538 567 Quod
567 523 643 558 olus
671 521 792 557 Cavolo
818 518 988 554 duntaxat

228 571 424 617 appellatur
452 573 494 608 ab
522 573 698 615 Etruscis,
730 583 856 607 nomen
887 572 988 613 Verza

228 622 318 667 apud
346 635 408 657 nos
436 624 468 658 8<
499 624 651 670 reliquos
688 621 906 660 Lombardos
935 634 984 656 re-

227 671 340 708 tinet.
369 677 476 718 Berza
503 688 642 722 quoque
670 674 837 721 Hispanis
865 671 909 708 est
930 685 983 707 ea-

229 722 308 757 dem
337 722 611 772 fignificatione.
650 725 710 760 Illi
747 736 790 759 ne
818 738 836 759 a
864 723 985 765 nobis,

227 786 270 808 an
301 786 362 809 nos
390 775 432 809 ab
473 774 547 810 illis
584 775 845 823 acceperimus,
884 787 987 811 nemo

229 823 416 860 decernat.
453 826 515 861 Sed
555 826 643 862 unde
682 828 818 873 Verza?
854 827 986 863 Dantes

230 876 318 910 Can.
348 877 483 912 XVIII.
510 876 578 914 Inf.
604 877 747 914 scribit:

252 976 328 1012 Abi
352 989 432 1012 come
460 978 571 1023 succan
597 979 644 1013 lor
668 980 760 1015 levat·
784 979 814 1014 le
840 982 962 1026 Berze.

227 1079 331 1114 Hanc
367 1091 490 1114 vocem
528 1079 719 1128 Scriptores
756 1079 986 1116 Vocabularii

228 1129 426 1163 Florentini
464 1129 739 1178 interpretantur
779 1132 809 1165 le
849 1132 987 1164 Gambe.

229 1181 359 1213 Verum
390 1179 538 1215 minime
566 1189 660 1216 certa
695 1181 741 1216 est
776 1181 984 1225 interpreta—
1026 1170 1060 1207 C

224 1227 280 1264 tio
306 1229 390 1268 ista,
417 1243 524 1277 quum
555 1232 799 1268 Benevenutus
820 1231 862 1267 de
891 1233 986 1266 Imo-

224 1280 285 1319 la.
325 1281 429 1329 longe
467 1282 634 1318 vetustior
663 1283 825 1324 Aucior,
863 1290 986 1331 utpote

226 1330 432 1366 Petrai-chae
460 1332 492 1366 8<
522 1332 689 1368 Boccacci
729 1333 888 1375 amicus,
925 1347 986 1368 ex-

227 1380 336 1428 plicet
373 1382 402 1414 le
438 1385 568 1426 Rem,
605 1383 688 1418 idest
723 1385 916 1419 calcaneos.
952 1386 986 1419 A

227 1430 412 1466 Germanis
441 1432 533 1476 Ferse
569 1435 765 1478 appellatur
791 1434 986 1469 Calc-ancus.

230 1482 356 1516 Parum
409 1491 523 1516 autern
573 1484 746 1529 probabili
791 1484 989 1531 conjefiura

231 1532 396 1567 Burtetus
424 1531 584 1568 trahebat
610 1547 627 1569 a
657 1535 796 1579 Braffica
820 1538 926 1578 Berza
951 1533 987 1570 &

227 1584 335 1627 γυῖα
361 1609 369 1616 .
414 1585 488 1618 Aut
531 1597 612 1632 ergo
653 1598 695 1620 ex
738 1584 990 1629 antiquiffimis

229 1632 384 1679 Linguis
413 1634 598 1669 derivanda
626 1635 671 1670 est
701 1649 769 1671 vox
807 1635 894 1680 ista,
931 1646 989 1672 aut
1034 1628 1066 1661 D

231 1683 470 1731 amplecienda
513 1685 673 1734 Menagii
715 1686 840 1731 opinio
867 1712 878 1729 ‚
928 1687 989 1733 qui

225 1734 307 1778 forle
332 1737 374 1769 da
403 1735 522 1770 Viridis
542 1746 677 1771 enatam
702 1736 892 1781 suspicatur
916 1740 988 1771 Ver-

224 1798 292 1830 za,
333 1783 391 1819 etri
432 1786 473 1820 ab
511 1786 576 1821 illa
614 1787 785 1823 oetavius
814 1788 990 1824 Ferrarius

229 1835 384 1872 alienum
426 1835 458 1870 se
501 1837 646 1875 prodat.
701 1837 848 1874 Italicae
899 1850 992 1874 certe

226 1886 389 1934 Linguae
417 1886 462 1921 est
491 1890 657 1933 Πενζὶενε,
696 1889 917 1925 efformatum
947 1904 989 1925 ex

230 1937 426 1973 Viridarium
453 1939 652 1979 Virdarium‚
682 1941 887 1980 Verdarium‚
916 1944 985 1975 Ver-

230 1989 374 2033 zarium.
402 1990 590 2033 Berzarium
617 2004 757 2038 quoque
784 1991 905 2027 dixere
932 2006 985 2027 ve—

229 2048 318 2074 teres
345 2065 352 2073 .
396 2041 442 2074 Et
486 2041 715 2087 Viridigarium
756 2042 911 2078 occurrit
952 2043 988 2078 in

231 2089 409 2125 Formulis
446 2090 701 2140 Lindenbrogii
739 2095 825 2139 Cap.
861 2105 921 2140 79.
958 2095 986 2128 Ι-
1033 2084 1059 2116 Ε

232 2139 340 2176 talica
367 2154 505 2187 quoque
533 2142 669 2186 Lingua
699 2143 823 2179 habuit
845 2146 986 2187 Ver-<ica-

231 2204 264 2226 re
291 2204 353 2234 pro
381 2192 544 2227 Vevdr'care
555 2207 573 2235 ‚‘
598 2194 632 2228 &
662 2196 812 2237 Verzume
831 2208 893 2243 pro
915 2198 986 2228 Ver-

229 2243 354 2284 dume‚·
379 2243 411 2278 8<
443 2245 581 2290 Verzura
617 2258 679 2292 pro
720 2247 879 2280 Vtremm.
919 2246 989 2291 Igi-

229 2300 287 2328 tur
315 2306 333 2328 a
362 2306 444 2329 vero
473 2307 542 2329 non
580 2294 764 2337 abhorret,
801 2295 989 2339 Bmfficas,

229 2356 318 2391 quae
345 2344 540 2383 pleniorem
568 2346 669 2388 loco,
707 2346 767 2381 ubi
805 2346 986 2382 conserun-

225 2402 307 2434 tur,
329 2393 559 2431 viriditatem
585 2396 767 2437 tribuunt,
790 2400 886 2443 Verze
906 2396 988 2432 fuis—

229 2443 263 2480 se
289 2447 505 2493 appellatas.
544 2447 650 2493 Quod
689 2446 711 2481 fi
749 2447 805 2482 cui
835 2461 878 2483 ne
906 2447 990 2483 haec

230 2495 373 2542 quidem
402 2495 572 2533 sententia
603 2499 794 2541 probatur,
823 2498 928 2534 liceat
956 2498 987 2534 ei

229 2558 359 2584 nemen
400 2549 504 2595 Verza
541 2547 708 2598 suspicari
748 2548 911 2599 superstes
945 2563 989 2586 ex

1106 325 1167 347 nos
1193 326 1209 347 a
1236 311 1375 358 populis
1403 313 1743 358 septentrionalibus
1770 317 1865 351 dela·-

1106 373 1198 398 tam.
1229 364 1321 398 Nam
1350 361 1387 397 in
1419 362 1558 397 vetustis
1587 364 1716 398 Gloffis
1745 365 1866 401 Theo-

1104 413 1201 449 tiscis
1239 414 1280 448 ab
1318 413 1473 448 Eccardo
1515 413 1641 452 editis,
1685 416 1791 450 Tom.
1835 418 1861 451 Ι.

1105 463 1193 500 Hist.
1221 467 1343 500 Franc.
1370 464 1544 500 Oriental.
1581 465 1736 501 occurrit
1775 467 1865 503 mihi

1105 516 1264 561 Braffica,
1292 515 1387 563 quod
1408 528 1537 552 nomen
1559 517 1767 553 Germanice
1788 519 1865 554 red-

1103 567 1199 602 ditur
1227 569 1341 612 VVtrz.

1156 617 1224 653 His
1260 628 1376 653 autem
1414 617 1602 662 delibatis,
1639 618 1862 665 sublucebit,

1103 682 1207 716 quarn
1237 668 1428 705 constantes
1449 669 1625 705 interdum
1650 669 1780 706 fuerint
1803 684 1865 718 po-

1104 719 1176 766 puli
1207 719 1245 754 in
1275 720 1467 756 retinendis
1504 721 1729 768 antiquorum
1760 722 1862 758 voci-

1104 771 1192 813 bus,
1228 770 1269 805 ad
1299 772 1404 806 Artes
1442 771 1515 806 suas
1552 772 1767 808 necessariis.
1805 772 1865 808 Id-

1103 835 1169 867 que
1196 821 1303 857 etiam
1332 821 1369 857 in
1398 821 1479 858 aliis
1506 822 1708 859 rusticorum
1731 822 1864 859 nostro-

1102 885 1179 907 rum
1208 872 1389 908 vocabulis
1414 872 1670 914 animadverti,
1698 887 1736 909 ac
1766 887 1864 921 prae-

1102 923 1204 969 cipue
1230 922 1312 958 dum
1351 923 1494 958 dicunt:
1534 923 1577 958 E’
1605 936 1704 969 tempo
1730 925 1767 958 ai
1795 925 1866 969 sol-

1100 987 1195 1016 vere,
1221 975 1371 1008 andiamo
1396 989 1416 1008 a
1437 974 1585 1018 solvere,
1613 974 1695 1009 idest
1724 984 1861 1023 tempus

1101 1023 1148 1059 est
1184 1023 1332 1068 edendi,
1373 1033 1511 1073 ternpus
1545 1024 1724 1071 jentaculi,
1764 1038 1866 1072 pran-

1099 1074 1178 1117 dii,
1219 1076 1286 1109 (νε.
1324 1075 1468 1110 Scilicet
1506 1074 1726 1124 significant,
1767 1076 1864 1124 quod

1101 1123 1239 1171 antiqui
1278 1125 1403 1160 Latini
1441 1125 1561 1160 dixere
1589 1126 1764 1174 (populus
1803 1140 1866 1162 au-

1102 1184 1172 1210 tem
1215 1174 1389 1210 Civitatis
1426 1174 1557 1210 nostrae
1594 1176 1629 1210 id
1683 1189 1864 1222 nunquam

1101 1224 1271 1274 usurpat)
1297 1225 1414 1268 solvere
1435 1226 1633 1270 Jejum'um.
1672 1229 1726 1262 Ita
1767 1227 1865 1273 Dejen

1098 1276 1238 1321 jumne,
1267 1276 1350 1312 idest
1373 1276 1534 1322 jejunium
1559 1278 1699 1320 solvere,
1730 1288 1863 1314 veteres

1101 1327 1288 1370 dicebant,
1318 1328 1409 1363 unde
1435 1338 1557 1364 natum
1586 1329 1765 1364 Gallicum
1798 1332 1864 1363 De-

1097 1379 1218 1424 juner,
1248 1379 1302 1422 far
1328 1379 1502 1423 εοίεζὶοηε,
1528 1380 1562 1413 &
1591 1379 1742 1415 nostrum
1772 1379 1865 1421 Defi-

1104 1442 1178 1462 nare
1206 1442 1267 1475 pro
1295 1432 1473 1464 Prandere.
1503 1430 1702 1465 Florentini
1723 1444 1865 1479 quoque

1104 1478 1218 1515 rustici
1239 1481 1448 1524 jentaculum
1474 1481 1652 1527 appellant
1680 1482 1864 1522 Sciolvere,

1104 1530 1290 1571 Alciolvere
1315 1557 1325 1573 ,
1368 1529 1461 1576 quod
1498 1543 1541 1564 ex
1578 1532 1696 1566 eadem
1733 1532 1866 1568 Latina

1106 1579 1216 1627 phrasi
1244 1580 1423 1615 manavit.
1453 1580 1586 1615 Pariter
1610 1581 1729 1616 rustici
1756 1582 1866 1617 iidem

1106 1629 1212 1665 nostri
1241 1633 1366 1676 Dogaro
1392 1630 1570 1677 appellant
1608 1632 1762 1667 canalem
1781 1657 1792 1671 ‚
1830 1645 1868 1667 a-

1107 1694 1191 1727 quas
1233 1680 1369 1729 pluvias
1405 1680 1632 1728 recipientem
1670 1681 1710 1717 in
1746 1682 1867 1731 agris,

1108 1731 1176 1766 sive
1217 1745 1235 1767 a
1276 1733 1410 1767 Graeco
1437 1735 1514 1774 διχῆ,
1547 1734 1787 1778 Receptaculum
1823 1732 1867 1768 fi-

1108 1781 1319 1830 gnificante‚
1359 1781 1427 1817 five
1464 1797 1482 1819 a
1519 1783 1655 1819 Latino
1685 1787 1791 1828 Duco,
1827 1791 1868 1820 ut

1109 1834 1190 1870 effet
1231 1833 1362 1869 canalis
1401 1835 1582 1872 Ducarius,
1622 1834 1748 1870 Italice
1781 1838 1869 1869 Con-

1107 1887 1211 1919 dotto.
1249 1885 1392 1919 Ducaria
1417 1898 1459 1920 eo
1486 1883 1581 1920 sensu
1617 1883 1665 1919 est
1698 1885 1787 1933 apud
1817 1887 1869 1920 U-

1109 1935 1280 1984 ghellium
1309 1936 1417 1971 Tom.
1445 1947 1478 1983 3.
1506 1936 1586 1971 Ital.
1624 1938 1696 1971 Sac.
1732 1935 1771 1971 in
1799 1938 1870 1972 Ar-

1111 1986 1224 2032 chiep.
1267 1985 1379 2022 Pisan.
1424 1988 1464 2021 In
1508 1986 1674 2034 postrema
1713 1988 1871 2035 Operum

1110 2036 1275 2085 Gregorii
1314 2037 1525 2074 Turonensis
1562 2036 1720 2073 editione
1756 2051 1775 2074 a
1811 2039 1870 2074 Cl.

1112 2088 1286 2124 Ruinarto
1314 2098 1495 2136 procurata
1524 2089 1607 2126 Lib.
1636 2090 1663 2124 Ι.
1691 2089 1778 2136 Cap.
1807 2099 1868 2134 25.

1111 2140 1152 2174 de
1179 2138 1302 2174 Gloria
1330 2141 1481 2186 Martyr.
1517 2140 1666 2189 legitur:
1707 2142 1757 2174 Ne
1788 2139 1872 2183 soree

1110 2191 1191 2237 togis
1220 2189 1312 2236 (alii
1339 2191 1412 2225 locis
1440 2191 1600 2239 habent)
1627 2191 1752 2224 occultis
1789 2191 1874 2236 lym-

1109 2242 1190 2286 phae
1213 2244 1435 2278 deducerentur
1458 2243 1493 2276 in
1515 2242 1638 2286 fimtes.
1665 2241 1872 2286 Legendum

1112 2292 1163 2328 ibi
1202 2292 1329 2338 Dagis.
1370 2292 1424 2329 Ita
1461 2293 1550 2340 apud
1587 2306 1674 2335 nos,
1715 2291 1872 2339 aliosque

1113 2344 1260 2391 populos
1289 2344 1453 2388 perdurat
1488 2358 1559 2381 vox
1597 2343 1759 2384 Βίνοεεὶο,
1799 2356 1873 2378 car-

1112 2403 1254 2441 pentum
1293 2394 1387 2431 binis
1413 2395 1502 2432 rotis
1541 2394 1703 2438 vectum,
1740 2392 1873 2442 fignifi-

1112 2459 1192 2481 cans
1209 2473 1218 2481 .
1250 2448 1396 2481 Veteres
1423 2447 1554 2496 quippe
1581 2446 1706 2488 dixisse
1732 2445 1874 2481 creden-

1110 2496 1145 2532 di
1186 2496 1264 2532 sunt
1300 2497 1489 2537 Bu'mtium,
1525 2497 1582 2534 seu
1618 2499 1766 2532 Birotum
1792 2499 1875 2530 Car·-

1108 2557 1259 2593 pentum,
1287 2556 1327 2583 ut
1353 2547 1399 2583 est
1425 2548 1463 2584 in
1489 2547 1575 2586 Lib.
1600 2548 1770 2585 Miracul.
1790 2548 1876 2582 San-

1244 2599 1279 2645 Ο
1304 2610 1327 2634 ο
1380 2610 1402 2635 2
1772 2596 1825 2633 eti
