2169 3047
231 227 312 278 ⁶35
514 216 880 261 DISSER'J'ATIO
913 215 1453 262 TRIGESJMATERT1A;
1655 231 1740 269 086

219 282 271 317 mi
301 277 436 315 metalli
467 276 634 314 Nummis
672 276 827 313 conferre
865 292 929 314 no-
962 281 1008 315 A:

217 344 297 367 men
342 328 519 378 potuerit.
562 330 659 363 Haec
701 328 795 363 enim
838 330 926 365 olim
952 336 974 347 '⁷

217 382 394 430 appellata
431 378 573 421 Bajocae‘
595 380 627 414 ὃ(
668 378 814 422 Bajoca.
854 382 927 415 Ha—

219 433 378 468 drianum
409 428 584 465 Valefium
620 429 735 465 virum
774 430 928 466 dofiiiffi-

219 494 316 518 mum
345 480 456 516 habeo
485 479 691 516 scribentem
719 482 755 516 in
784 482 928 518 Notitia

217 531 414 568 Galliarum
459 545 535 580 pag.
571 543 632 578 74.
669 534 706 566 In
743 532 929 579 quibusdam

218 583 355 618 nummis
384 581 520 624 Baiocas
541 582 633 628 (hoc
661 582 705 617 est
728 596 835 630 nuper
857 596 927 619 me·

217 643 353 669 morata
390 631 565 681 Civitas)
594 634 710 680 legitur
746 634 778 668 in
820 645 929 681 quarto

217 686 314 728 casu,
342 694 399 719 aut
425 694 501 718 certe
528 685 650 718 nomine
687 685 928 720 indeclinabili.

218 736 259 770 In
286 733 425 770 Corfica
454 747 599 782 *quoque
627 748 789 770 nummos
826 736 926 781 Baja—

217 798 268 820 cas
288 785 481 832 appellatos
502 784 648 820 invenio
669 786 757 829 apud
788 789 926 822 Petrum

217 837 396 881 Cyrneum
432 834 468 870 in
506 835 594 871 Hist.
629 835 762 872 Corfic.
801 837 927 881 scripta

219 886 360 922 circiter
387 888 531 920 Annum
553 885 642 922 Chr.
668 889 927 924 MCCCCXC.

170 936 352 978 Balaustri.
381 938 433 971 Ita
454 937 674 984 appellantur
693 940 928 984 Columellas,

221 986 290 1022 five
317 987 507 1021 Columellae
527 986 716 1035 suppositae
737 989 928 1038 epistyliis,

222 1050 367 1085 quarum
399 1037 498 1072 series
535 1037 571 1072 in
603 1039 744 1075 aedibus
772 1053 810 1074 ac
839 1050 927 1074 tem—

218 1088 313 1136 plis,
355 1097 414 1122 aut
454 1089 680 1132 ornamenti,
717 1097 777 1123 aut
814 1089 928 1125 aditus

218 1137 462 1185 praecludendi
519 1137 633 1172 caussa
654 1162 664 1176 ,
722 1138 928 1187 usurpatur.

217 1187 370 1222 Saeculis
399 1186 586 1222 barbaricis
625 1188 822 1229 Balineum,
861 1189 928 1226 five
952 1192 996 1228 'C

216 1239 374 1273 Balneum
393 1265 403 1279 ,
450 1238 664 1285 appellatum
713 1238 781 1275 fuit
822 1243 926 1275 Balu·

208 1288 334 1331 strum,
372 1289 590 1332 Baluslrium,
627 1291 845 1334 Ballastrum‚
874 1292 927 1327 uti

217 1337 454 1384 Du-Cangius
483 1338 760 1375 animadvertit.
792 1340 926 1377 Claris-

219 1388 321 1423 fimus
350 1389 406 1423 vir
432 1388 552 1435 Scipio
572 1388 738 1436 Maffejus
763 1391 928 1427 Marchio

219 1439 256 1474 in
277 1438 527 1474 Differtatione
548 1438 589 1474 de
611 1439 772 1475 Versibus
791 1441 927 1487 Rhyth-

221 1488 325 1524 micis
354 1488 501 1524 scribit:
545 1489 591 1523 Di
625 1492 687 1537 qm?
725 1505 826 1525 venne
861 1493 931 1528 alla

221 1539 322 1581 nostra
344 1540 472 1586 Lingua
499 1540 532 1575 la
553 1552 624 1574 voce
645 1542 834 1583 Balaustri:
858 1554 930 1590 per-

220 1590 272 1625 the*
299 1590 420 1624 intorno
446 1590 508 1624 alle
540 1591 614 1624 celle
639 1590 688 1625 de’
715 1593 823 1639 Bagm'
851 1594 929 1640 rigi-

220 1654 324 1675 ravan
360 1641 472 1687 portici
499 1654 551 1675 con
586 1642 698 1687 piccole
724 1645 929 1679 Colonnette.

219 1690 282 1727 Illi
314 1690 533 1738 praeiverant
571 1691 608 1727 in
646 1692 816 1740 ejusmodi
847 1708 930 1730 con—

219 1741 351 1789 jeE’tura
390 1741 624 1789 Du—Cangius
663 1744 931 1790 praelaudatus,

218 1804 258 1827 ac
289 1792 509 1827 Fureterius.
549 1793 612 1827 Sed
651 1794 708 1829 ubi
749 1804 886 1841 petatur
913 1809 931 1831 a

218 1841 426 1878 doetssffimis
471 1842 556 1878 viris
600 1843 700 1891 hujus
745 1847 931 1892 Etymolo-

220 1893 298 1940 giae
327 1893 418 1928 ratio
437 1921 447 1935 ,
476 1893 526 1929 nil
556 1894 674 1937 aliud,
703 1908 801 1939 reor,
832 1911 931 1946 repo-

220 1954 330 1984 nent,
369 1943 430 1978 nis}
460 1944 542 1991 quia
571 1944 838 1982 fimilitudinem
868 1962 931 1984 no-

220 1994 328 2030 minis
347 1994 439 2029 inter
466 1994 525 2030 ista
554 1995 700 2032 sensere:
740 2011 827 2045 quae
855 1999 932 2035 sane

221 2045 313 2079 ratio
361 2046 651 2095 Etymologistam
694 2047 789 2085 fallit
815 2078 824 2091 ,
868 2050 931 2087 nisi

222 2093 322 2130 simul
351 2094 386 2131 &
417 2109 529 2132 rerum
564 2097 758 2134 similitudo
787 2114 931 2137 concur-

221 2155 297 2181 rat.
336 2148 436 2182 Hanc
474 2156 587 2183 autem
619 2162 721 2185 nemo
750 2151 838 2187 mihi
876 2152 930 2187 in·

222 2195 338 2232 dicet.
375 2199 481 2233 Erant
516 2199 549 2233 8<
588 2209 643 2234 tot
672 2201 740 2236 alia
777 2201 814 2237 in
852 2204 930 2240 Bal-

222 2247 322 2288 neis,
351 2261 438 2297 quae
466 2258 583 2285 tamen
613 2252 778 2294 Balaustn‘
805 2266 932 2290 nornen

220 2297 303 2333 inde
332 2312 400 2334 non
429 2301 603 2337 retulere.
632 2303 740 2337 Erant
768 2302 805 2340 &
834 2315 932 2341 extra

220 2349 350 2385 Balnea
392 2351 618 2387 columellae
658 2353 856 2401 ejusmodi,
894 2365 934 2392 ut

220 2409 336 2449 puto.
377 2402 433 2436 Ad
471 2401 555 2437 haec
593 2402 666 2450 peti
705 2405 836 2452 posset.
873 2420 936 2443 cur

219 2452 444 2488 Columellae
482 2452 679 2500 ejusmodi,
716 2457 842 2491 Balnea
877 2457 934 2494 seu

221 2503 332 2549 Bagm'
359 2502 481 2550 (quod
520 2503 613 2539 idem
653 2505 720 2548 est,
757 2519 834 2543 nam
866 2512 934 2544 Ba-

217 2566 284 2602 gno
309 2554 343 2590 8<
372 2557 524 2603 Ragnare
551 2568 569 2592 e
596 2557 754 2593 Balneum
779 2559 814 2595 &
850 2562 935 2597 Bal-

1091 290 1182 312 neare
1225 277 1357 325 venit)
1400 289 1469 312 non
1511 279 1641 317 fuerint
1684 285 1801 331 potius

1091 331 1193 375 quam
1226 329 1407 370 Baluslrum
1435 331 1654 376 appellatae,
1692 348 1801 381 quum

1093 379 1307 426 frequentius
1335 379 1417 414 effet
1454 379 1490 415 in
1528 394 1587 415 ore
1616 382 1800 421 hominum

1092 443 1218 465 nomen
1251 431 1407 464 Balneum
1436 429 1472 466 &
1502 435 1645 474 Bxgno?
1678 435 1802 471 Proin-

1092 480 1132 516 de
1162 480 1249 517 mihi
1274 482 1345 517 veri
1369 482 1507 518 videtur
1534 481 1702 524 similius,
1733 489 1802 521 Ba-

1092 532 1207 573 laufiro
1235 547 1251 567 e
1280 532 1514 576 Latinorum,
1552 533 1621 569 five
1648 537 1802 572 Graeco-

1094 596 1168 618 rum
1199 584 1402 625 Balaullmm
1439 584 1673 629 descendisse,
1709 587 1803 635 quod

1093 635 1246 670 occurrit
1275 635 1363 681 apud
1396 635 1574 679 Plinium,
1603 638 1802 682 Galerium,

1092 685 1124 719 8<
1182 685 1420 721 Dioscoridem
1445 714 1454 730 ,
1505 687 1536 721 ἃ
1591 686 1804 735 significavit

1092 736 1216 770 Florem
1255 737 1333 771 mali
1369 738 1509 773 Punici,
1546 738 1690 773 Scilicet
1731 739 1804 775 for—

1092 798 1185 821 mam
1214 787 1364 835 ejusdem
1396 789 1509 824 Floris
1546 787 1741 825 referebant
1767 804 1805 826 e-

1093 836 1241 884 jusmodi
1271 839 1515 883 columellae,
1553 852 1592 874 ac
1621 849 1802 888 propterea

1092 889 1258 931 Balaustri
1293 891 1486 938 appellatae
1523 889 1680 926 fuerunt.
1719 893 1804 927 Non

1092 946 1130 972 ut
1160 951 1274 974 meum
1315 940 1460 975 vendito
1497 943 1652 987 Etymon
1691 941 1804 978 istud.

1091 989 1230 1031 Jamdiu
1267 990 1356 1025 illud
1398 991 1570 1027 tradidere
1611 991 1804 1028 doffliffimi

1091 1039 1266 1076 Amstores
1309 1042 1536 1077 Vocabularii
1576 1043 1803 1086 florentini,

1091 1089 1153 1135 qui
1182 1090 1373 1126 sententiae
1403 1091 1479 1126 suae
1506 1092 1685 1132 rationes,
1713 1092 1734 1128 fi
1763 1106 1804 1128 o-

1092 1151 1153 1182 pus
1182 1139 1319 1182 fuisset,
1349 1153 1411 1188 pro
1441 1141 1495 1176 sua
1523 1142 1723 1178 eruditione
1744 1143 1805 1178 ad-

1090 1187 1178 1224 ferre
1199 1190 1409 1236 potuissent.
1439 1191 1534 1226 Idem
1556 1205 1695 1240 quoque
1716 1195 1806 1240 Ety-

1091 1252 1173 1276 mon
1203 1241 1403 1277 Pureterius
1432 1242 1635 1280 indicavit.

1039 1291 1201 1326 Balcone.
1241 1293 1273 1327 A
1312 1293 1438 1337 Palus,
1475 1295 1638 1339 palicas,
1677 1295 1804 1339 Falco,

1091 1342 1211 1384 Ralco,
1240 1346 1398 1384 Eamne,
1427 1345 1636 1380 vocabulum
1668 1345 1733 1380 hoc
1754 1345 1806 1380 ef-

1090 1390 1280 1428 formatum
1324 1393 1443 1429 statuit
1483 1394 1692 1443 Menagius.
1737 1396 1806 1432 Ni-

1091 1441 1202 1476 mium
1233 1442 1358 1478 distant
1385 1445 1465 1479 Palo
1484 1445 1518 1480 8<
1542 1447 1699 1486 Balearic,
1726 1455 1804 1483 turn

1091 1490 1373 1539 significatione,
1404 1503 1479 1530 tum
1509 1495 1690 1533 literarum
1719 1496 1805 1533 stru-

1092 1541 1208 1577 ξῖυτέι.
1246 1543 1409 1580 Fortaffis
1446 1544 1547 1581 illius
1582 1547 1685 1595 origo
1713 1547 1757 1583 est
1784 1560 1803 1583 e

1093 1593 1306 1629 Germanico
1334 1595 1461 1634 Balck‚
1489 1595 1545 1631 seu
1573 1598 1735 1636 Balckem
1764 1597 1806 1632 fi-

1093 1642 1284 1691 gnificante
1311 1644 1467 1680 Trabem.
1495 1647 1526 1681 Il
1551 1648 1688 1681 Balcone
1713 1650 1806 1683 Aca-

1095 1692 1242 1728 demicis
1268 1695 1355 1729 della
1389 1696 1505 1739 Crusca
1537 1697 1574 1732 in
1604 1698 1806 1735 Vocabula-

1095 1742 1150 1779 rio
1177 1743 1270 1779 nihil
1308 1745 1403 1782 aliud
1441 1746 1506 1787 est,
1543 1747 1606 1784 nifi
1635 1749 1806 1790 fenestra.

1095 1793 1159 1829 Sed
1189 1807 1334 1836 vereor,
1363 1805 1401 1832 ut
1429 1810 1546 1833 veram
1578 1799 1675 1835 vocis
1702 1799 1808 1848 figni-

1096 1843 1299 1881 ficationem
1344 1846 1409 1882 sint
1460 1848 1629 1896 affequuti
1655 1876 1663 1884 .
1708 1849 1808 1886 Mihi

1095 1896 1232 1930 Balcone
1251 1896 1422 1945 fignificat
1442 1901 1671 1936 Moenianum.
1700 1900 1808 1946 Quod

1096 1949 1179 1982 verb
1208 1947 1414 1983 eTmbibus
1450 1952 1619 1987 connexis
1656 1950 1726 1987 five
1752 1962 1808 1987 ta-

1096 1996 1226 2032 bulatis
1249 1997 1504 2036 conficerentur
1524 2001 1739 2045 Moeniana,
1767 2001 1811 2037 si-

1097 2060 1140 2082 ve
1171 2047 1368 2093 Prophora‚
1397 2050 1464 2086 hoc
1491 2051 1536 2087 est
1562 2053 1591 2087 le
1611 2053 1809 2099 Ringhiere,

1098 2098 1111 2132 i
1137 2099 1328 2145 Poggiuoli,
1349 2102 1379 2135 le
1405 2105 1578 2149 Loggette‚
1601 2104 1653 2151 gli
1678 2103 1808 2149 sparti,

1098 2161 1186 2196 quae
1213 2160 1312 2186 extra
1340 2152 1489 2200 parietes
1514 2154 1700 2191 domorum
1729 2167 1812 2201 pro-

1097 2199 1230 2236 minere
1251 2201 1425 2238 cernimus
1439 2231 1447 2246 ,
1469 2206 1644 2252 appellata
1663 2205 1811 2254 inquam

1098 2249 1192 2286 fuere
1219 2253 1377 2289 Buteoni.
1406 2256 1487 2291 Hoc
1515 2255 1586 2292 fere
1614 2255 1710 2292 sensu
1739 2268 1810 2292 vox

1098 2302 1219 2336 Balcon
1246 2302 1291 2338 est
1326 2305 1442 2341 Gallis
1479 2316 1584 2352 atque
1620 2306 1812 2354 Hispanis,

1098 2353 1133 2388 &
1161 2354 1304 2402 Balcony
1331 2356 1482 2405 Anglis.
1520 2360 1621 2403 Quae
1649 2358 1813 2404 exempla

1098 2417 1117 2439 e
1149 2414 1306 2442 veterum
1346 2407 1550 2445 Italicorum
1590 2408 1690 2445 libris
1728 2408 1813 2444 affe-

1097 2465 1244 2499 runtur,
1281 2459 1438 2495 eamdem
1478 2459 1813 2507 interpretationem

1097 2506 1316 2545 admittunt.
1344 2510 1449 2554 Quod
1479 2510 1501 2545 fi
1529 2511 1641 2547 adhuc
1670 2510 1813 2547 sustine-

1097 2570 1134 2594 re
1174 2571 1323 2608 pergas,
1363 2561 1545 2604 fenestram
1581 2574 1623 2599 eo
1665 2560 1812 2598 nornine

1677 2610 1764 2648 defi-
