2169 3047
207 202 284 244 ἰιι

1643 208 1723 236 122

145 440 495 546 DIS
570 451 629 545 S
707 450 783 544 E
864 450 966 544 R
1042 450 1136 545 T
1217 449 1318 542 A
1395 450 1487 542 T
1568 451 1610 543 I
1689 453 1779 546 O

398 642 1528 718 VIGESIMANONP„

229 825 394 864 την-τ,-
416 827 520 845 τΞἿ
544 810 597 847 Ui
625 810 721 848 Ludi
750 808 908 859 publici,
944 811 993 845 A·
1018 809 1130 846 Ludis
1158 811 1402 857 Circenfibus,
1440 822 1480 848 ut
1508 813 1646 859 Populo
1674 813 1713 849 ad
1742 827 1781 850 ea,

568 875 656 909 quae
720 862 908 911 magnifica

458 939 460 941 >
567 912 771 959 SpeRacula
804 912 841 949 &
869 926 906 947 o-

399 991 418 1008 „
456 984 466 997 .-
570 962 802 998 ble6'tamenta
843 964 908 997 Po-

414 1009 422 1021 *
498 1008 514 1048 l
570 1015 653 1061 pulo
706 1014 906 1062 praeberen—

330 1060 351 1078 ”
404 1071 407 1075 ”
438 1068 440 1070 ’
472 1091 475 1092 ⁷
508 1096 514 1098 ,
567 1063 753 1099 tur-Italico
767 1063 906 1113 postde-

500 1125 503 1126 ’
566 1113 797 1150 clinationem
835 1115 903 1150 ltn—

568 1165 656 1213 perii
713 1165 866 1201 Romani
897 1189 907 1205 ‚

143 1227 250 1265 atque
278 1229 359 1254 ante
399 1220 544 1253 Annum
587 1215 717 1251 Christi
754 1215 903 1252 Millesr

142 1280 239 1303 mum
261 1293 271 1308 ‚
302 1281 407 1316 pauca
436 1267 628 1309 novimus,
655 1266 738 1314 quia
766 1280 808 1301 ne
837 1267 899 1302 Hi*

143 1318 263 1354 storias
276 1319 417 1366 quidem
439 1317 538 1353 illius
559 1316 637 1353 aevi
658 1317 718 1353 nifi
745 1318 906 1365 pauculas

144 1366 336 1404 habemus.
381 1371 558 1404 Praeterea
587 1366 781 1415 suspicandi
809 1370 906 1403 locus

143 1417 211 1457 est,
241 1418 417 1455 barbarica
447 1420 510 1454 illa
538 1429 716 1465 tempora,
744 1432 782 1454 ac
806 1419 905 1454 rudes

144 1478 263 1515 gentes
301 1481 421 1515 parum
458 1468 520 1502 fibi
564 1469 781 1513 procurasse,
819 1482 906 1516 quae

143 1519 242 1553 tantfi
270 1522 438 1566 pecuniae
464 1516 627 1552 effufione
654 1532 673 1552 a
700 1519 843 1553 Graecis
868 1533 906 1554 ac

145 1569 316 1604 Romanis
356 1569 442 1604 olim
486 1568 697 1610 edebantur,
739 1581 777 1603 ac
805 1576 905 1603 tanto

141 1617 253 1653 studio
284 1620 436 1666 Populus
466 1618 655 1664 spee’tatum
684 1619 904 1653 accurrebat.

143 1668 403 1704 Theodericum
426 1669 599 1712 inclytum
624 1668 821 1703 Gothorum
838 1671 902 1703 Re-

141 1731 218 1766 gem
243 1718 374 1764 semper
394 1718 557 1759 excipio,
578 1718 640 1765 qui
662 1717 806 1753 natione
826 1718 904 1765 qui—

142 1769 220 1803 dem
249 1768 431 1808 barbarus,
462 1770 659 1803 Romanum
687 1777 803 1803 tamen
829 1770 899 1803 ani-

143 1830 240 1854 mum
270 1817 382 1853 secum
412 1819 574 1866 gerebat,
602 1832 640 1854 ac
666 1820 901 1854 Romanorum

143 1881 279 1910 mores.
307 1879 475 1916 quantum
508 1870 624 1917 poruit
642 1896 651 1911 ,
680 1868 724 1904 est
752 1872 903 1904 aemula—

143 1927 219 1955 tus.
264 1921 303 1954 In
332 1920 515 1966 Excerptis
544 1921 585 1955 de
613 1918 835 1955 Theoderico
864 1921 904 1955 ab

143 1970 326 2006 Hadriano
364 1969 501 2005 Valeslo
538 1971 643 2006 editis
684 1971 725 2006 ad
774 1972 901 2006 calcem

141 2021 327 2057 Ammiani
349 2021 577 2063 Marcellini,
603 2021 632 2057 is
652 2020 784 2056 dicitur
803 2022 900 2056 exhi-

144 2071 251 2106 buiffe
289 2074 391 2107 Ludos
429 2072 637 2112 Circensium,
679 2073 722 2106 (9⁴
762 2073 900 2116 Amphi-

144 2122 320 2165 theatrum‚
348 2133 384 2156 ut
409 2123 503 2157 etiam
538 2138 559 2158 a
603 2124 765 2158 Romanis,
787 2123 905 2167 Traja-

951 1263 977 1296 Β
988 1277 991 1283 .

144 2185 228 2210 nus,
255 2173 307 2206 vel
333 2174 596 2213 Valentinianus,
625 2188 751 2221 quorum
770 2184 906 2217 tempora
946 2171 976 2204 D

137 2221 278 2266 servatus
305 2223 368 2262 eli,
407 2225 638 2270 appellaretur..
658 2245 659 2248 =
677 2224 769 2260 Infra
798 2225 903 2259 etiam

141 2272 439 2311 triumphantium
468 2286 562 2310 more
600 2275 737 2310 Urbem
775 2274 904 2322 ingres—

140 2321 194 2358 sus
223 2323 375 2365 dicitur,
417 2325 450 2358 ὅ(
482 2326 615 2370 Populo
655 2329 815 2361 Romano
841 2339 896 2360 3η-

141 2386 269 2409 nonam
290 2402 299 2416 ,
335 2385 455 2408 centum
482 2375 604 2421 viginti
630 2377 735 2410 millta
762 2377 903 2418 modios,

141 2423 226 2460 idest
253 2425 512 2472 Congiarium,
554 2424 728 2461 tribuisse..
770 2425 903 2461 Caffio-

142 2474 259 2510 dorius
287 2488 425 2523 quoque
455 2476 534 2511 Lib.
560 2488 594 2523 3.
621 2477 726 2525 Epist.
752 2489 809 2522 51.
833 2480 901 2512 Va-

142 2526 223 2561 riar.
250 2528 366 2562 curam
394 2527 607 2564 Theoderici
639 2539 813 2565 memorat
842 2540 904 2575 pro

1020 861 1213 909 l‘pefilacula
1241 864 1370 898 assueto
1401 865 1620 911 voluptatem
1645 865 1785 911 praebe·-

1020 922 1099 955 ret,
1141 925 1212 947 non
1254 914 1347 960 quod
1391 914 1455 948 illa
1499 913 1571 961 ipse
1600 915 1786 961 probaret.

1022 964 1074 998 De
1116 962 1329 998 Theoderici
1372 963 1490 998 studiis
1531 967 1637 999 etiam
1687 964 1784 1012 supra

1020 1013 1154 1060 aliquid
1184 1013 1284 1049 innui
1306 1013 1342 1049 in
1372 1014 1619 1050 Differtatione
1650 1017 1783 1049 xxrll.

1019 1066 1057 1097 de
1084 1064 1203 1098 Morib.
1229 1065 1333 1099 Italic.
1359 1066 1494 1099 Praeter
1515 1065 1685 1100 militares
1711 1067 1786 1102 Lu-

1020 1114 1106 1156 dos,
1136 1114 1196 1161 qui
1225 1114 1443 1150 ‹abusi-arent
1471 1116 1785 1163 Langobardorum

1018 1176 1181 1213 gentem,
1219 1164 1394 1212 postquam
1434 1165 1537 1200 Italia
1578 1166 1692 1213 potita
1720 1166 1785 1207 cst,

1019 1216 1106 1251 alios
1145 1215 1262 1251 frustra
1300 1217 1336 1251 in
1374 1215 1521 1252 Chartis
1559 1217 1784 1264 quaerimus.

1019 1266 1124 1312 Quod
1163 1268 1282 1311 novi,
1330 1266 1390 1302 sub
1439 1267 1581 1302 Francis
1620 1268 1785 1317 Augustis

1019 1317 1227 1365 magnificos
1257 1318 1432 1353 interdum
1459 1319 1577 1354 Ludos
1602 1319 1706 1354 Italia
1729 1332 1786 1355 ac·-

1020 1368 1133 1415 cepit.
1163 1367 1345 1403 Annalista
1372 1371 1484 1411 Saxo,
1515 1369 1674 1416 Regino,
1702 1369 1786 1406 Ma-

1020 1419 1136 1453 rianus
1165 1421 1308 1457 Scotus,
1337 1432 1375 1453 ae
1404 1419 1466 1454 alii
1495 1419 1717 1468 Chronologi
1742 1420 1785 1456 ad

1022 1471 1166 1503 Annum
1208 1468 1342 1504 Christi
1382 1471 1703 1509 DCCCLXXVII.
1731 1484 1787 1506 re-

1021 1518 1136 1554 ferunt
1163 1520 1302 1567 nuptias
1332 1519 1477 1555 Bosonis
1508 1521 1638 1569 Ducis,
1666 1523 1698 1557 8<
1721 1524 1787 1557 Er-

1021 1569 1216 1616 mengardis
1258 1569 1436 1604 Ludovici
1479 1570 1525 1606 II.
1560 1572 1706 1619 Augusti
1742 1572 1785 1607 fi-

1021 1620 1110 1658 liae,
1139 1621 1327 1654 celebratas
1355 1619 1504 1663 Ticini,
1549 1634 1664 1657 coram
1708 1622 1783 1669 ipso

1020 1667 1155 1704 Carolo
1183 1670 1299 1705 Calvo
1327 1672 1563 1717 Imperatore,
1600 1682 1690 1706 tanto
1725 1684 1784 1719 ap-

1018 1730 1154 1762 paratu,
1195 1722 1347 1766 tamdque
1382 1724 1542 1755 Lmaorum
1576 1721 1783 1768 magnificen-

1018 1772 1088 1812 tui,
1115 1781 1151 1803 ut
1176 1769 1271 1814 hujus
1297 1771 1484 1804 celebritatis
1506 1773 1632 1816 gaudia
1659 1776 1782 1807 modum

1017 1819 1159 1864 exceffiffl'e
1184 1821 1349 1862 serantur.
1388 1820 1468 1856 Sed.
1490 1821 1658 1868 quidnam
1688 1821 1781 1858 fuere

1019 1871 1113 1906 Ludi
1141 1870 1221 1905 illi?
1251 1871 1365 1906 Silent
1395 1871 1589 1908 Historiae.
1630 1873 1689 1907 Ad
1726 1887 1782 1909 me

1018 1921 1110 1968 quod
1139 1921 1266 1956 attinet
1284 1949 1294 1965 ‚
1322 1921 1469 1965 censeo,
1497 1937 1538 1958 ex
1570 1923 1613 1959 iis
1641 1923 1783 1972 SpeEia-

1019 1972 1106 2006 culis
1135 1972 1296 2019 pleraque
1333 1972 1374 2006 ad
1403 1972 1485 2007 belli
1515 1973 1639 2009 faciem
1682 1975 1781 2010 fuifl‘e

1018 2021 1228 2069 composita.
1265 2022 1403 2058 Auffior
1430 2023 1474 2058 est
1504 2024 1684 2060 Ennodius
1712 2025 1781 2061 Ti—

1018 2071 1161 2108 cinenfis
1203 2073 1240 2109 in
1284 2075 1486 2121 Panegyric.
1517 2074 1778 2111 Theodericum

1020 2126 1171 2168 Regem,
1209 2137 1251 2159 ne
1287 2124 1421 2160 milites
1457 2126 1534 2160 otio
1572 2134 1776 2173 torperent,

1017 2175 1220 2209 umbratiles
1247 2174 1408 2222 quasdam
1440 2189 1568 2223 pugnas
1606 2176 1776 2212 instituis-

1017 2223 1070 2267 se,
1099 2225 1226 2271 quibus
1252 2238 1371 2261 eorum
1402 2225 1648 2261 fortitudinem
1677 2240 1777 2264 exer-

1017 2275 1138 2318 cebat,
1176 2274 1212 2310 &
1245 2277 1399 2323 pulcrum
1432 2278 1566 2322 Populo
1604 2277 1779 2324 spefiacu-

1016 2326 1090 2361 lum
1120 2330 1359 2374 praeberetur.
1397 2330 1540 2370 Pubem,
1569 2327 1619 2362 ita
1647 2328 1710 2364 ille
1739 2329 1781 2364 ad

1016 2375 1128 2424 ipsum
1161 2378 1288 2424 Regem
1319 2385 1395 2416 ait,
1423 2378 1610 2411 indomitam
1634 2379 1695 2423 sub
1715 2393 1784 2413 ocu-

1017 2427 1059 2460 lis
1086 2427 1150 2461 tuis
1177 2428 1258 2461 inter
1297 2429 1377 2462 bona
1412 2429 1662 2473 tranquillitatis
1701 2429 1783 2472 facis

1018 2476 1103 2512 bella
1139 2478 1300 2523 proludere
1341 2476 1412 2515 &ca
1454 2479 1588 2524 Impleat
1628 2478 1780 2513 ac‘Jionem

1013 2527 1145 2572 sortium
1160 2552 1171 2568 ‚
1190 2532 1265 2564 dum
1284 2527 1427 2576 jocamur
1436 2542 1456 2572 ;
1481 2530 1590 2574 agizur
1611 2529 1678 2563 vice
1700 2531 1779 2574 Spe-

1657 2576 1728 2612 Ha-
