<?xml version="1.0" encoding="UTF-8"?>
<!DOCTYPE html PUBLIC "-//W3C//DTD XHTML 1.0 Transitional//EN"
    "http://www.w3.org/TR/xhtml1/DTD/xhtml1-transitional.dtd">
<html xmlns="http://www.w3.org/1999/xhtml" xml:lang="en" lang="en">
 <head>
  <title>
</title>
<meta http-equiv="Content-Type" content="text/html;charset=utf-8" />
  <meta name='ocr-system' content='tesseract 3.04.00' />
  <meta name='ocr-capabilities' content='ocr_page ocr_carea ocr_par ocr_line ocrx_word'/>
</head>
<body>
  <div class='ocr_page' id='page_1' title='image "antiquitatesital06mura_0383.png"; bbox 0 0 2169 3047; ppageno 0'>
   <div class='ocr_carea' id='block_1_1' title="bbox 232 245 318 289">
    <p class='ocr_par' dir='ltr' id='par_1_1' title="bbox 232 245 318 289">
     <span class='ocr_line' id='line_1_1' title="bbox 232 245 318 289; baseline -0.023 0"><span class='ocrx_word' id='word_1_1' title='bbox 232 245 318 289; x_wconf 80' lang='lat'>757</span> 
     </span>
    </p>
   </div>
   <div class='ocr_carea' id='block_1_2' title="bbox 214 290 930 1696">
    <p class='ocr_par' dir='ltr' id='par_1_2' title="bbox 214 290 930 1696">
     <span class='ocr_line' id='line_1_2' title="bbox 219 290 928 334; baseline -0.001 -9"><span class='ocrx_word' id='word_1_2' title='bbox 219 292 273 325; x_wconf 86' lang='lat' dir='ltr'>En</span> <span class='ocrx_word' id='word_1_3' title='bbox 314 297 353 325; x_wconf 86' lang='lat' dir='ltr'>ut</span> <span class='ocrx_word' id='word_1_4' title='bbox 390 290 628 324; x_wconf 85' lang='lat' dir='ltr'>Romanorum</span> <span class='ocrx_word' id='word_1_5' title='bbox 665 299 805 334; x_wconf 85' lang='lat' dir='ltr'>quoque</span> <span class='ocrx_word' id='word_1_6' title='bbox 837 297 928 324; x_wconf 89' lang='lat' dir='ltr'>tem-</span> 
     </span>
     <span class='ocr_line' id='line_1_3' title="bbox 219 337 927 389; baseline -0.001 -13"><span class='ocrx_word' id='word_1_7' title='bbox 219 341 363 389; x_wconf 87' lang='lat' dir='ltr'>poribus</span> <span class='ocrx_word' id='word_1_8' title='bbox 391 341 427 374; x_wconf 91' lang='lat' dir='ltr'>in</span> <span class='ocrx_word' id='word_1_9' title='bbox 453 351 546 373; x_wconf 88' lang='lat' dir='ltr'>more</span> <span class='ocrx_word' id='word_1_10' title='bbox 574 337 665 376; x_wconf 84' lang='lat' dir='ltr'>fuit,</span> <span class='ocrx_word' id='word_1_11' title='bbox 693 340 867 374; x_wconf 84' lang='lat' dir='ltr'>collocare</span> <span class='ocrx_word' id='word_1_12' title='bbox 889 340 927 375; x_wconf 86' lang='lat' dir='ltr'>in</span> 
     </span>
     <span class='ocr_line' id='line_1_4' title="bbox 218 388 928 429; baseline -0.001 -2"><span class='ocrx_word' id='word_1_13' title='bbox 218 390 333 427; x_wconf 72' lang='lat' dir='ltr'>LeEim</span> <span class='ocrx_word' id='word_1_14' title='bbox 362 388 616 424; x_wconf 59' lang='lat' dir='ltr'>Defuneiorum</span> <span class='ocrx_word' id='word_1_15' title='bbox 645 388 833 429; x_wconf 86' lang='lat' dir='ltr'>cadavera,</span> <span class='ocrx_word' id='word_1_16' title='bbox 871 403 928 426; x_wconf 83' lang='lat' dir='ltr'>ea-</span> 
     </span>
     <span class='ocr_line' id='line_1_5' title="bbox 217 438 928 488; baseline -0.001 -12"><span class='ocrx_word' id='word_1_17' title='bbox 217 454 286 488; x_wconf 81' lang='lat' dir='ltr'>que</span> <span class='ocrx_word' id='word_1_18' title='bbox 312 441 349 475; x_wconf 88' lang='lat' dir='ltr'>in</span> <span class='ocrx_word' id='word_1_19' title='bbox 378 441 470 474; x_wconf 85' lang='lat' dir='ltr'>atrio</span> <span class='ocrx_word' id='word_1_20' title='bbox 507 439 630 474; x_wconf 89' lang='lat' dir='ltr'>domus</span> <span class='ocrx_word' id='word_1_21' title='bbox 665 438 832 479; x_wconf 84' lang='lat' dir='ltr'>statuere,</span> <span class='ocrx_word' id='word_1_22' title='bbox 870 454 928 488; x_wconf 91' lang='lat' dir='ltr'>pe-</span> 
     </span>
     <span class='ocr_line' id='line_1_6' title="bbox 217 489 927 537; baseline 0.001 -11"><span class='ocrx_word' id='word_1_23' title='bbox 217 491 317 526; x_wconf 87' lang='lat' dir='ltr'>dibus</span> <span class='ocrx_word' id='word_1_24' title='bbox 354 490 391 525; x_wconf 91' lang='lat' dir='ltr'>in</span> <span class='ocrx_word' id='word_1_25' title='bbox 431 499 566 537; x_wconf 86' lang='lat' dir='ltr'>portam</span> <span class='ocrx_word' id='word_1_26' title='bbox 606 489 728 525; x_wconf 80' lang='lat' dir='ltr'>verfis:</span> <span class='ocrx_word' id='word_1_27' title='bbox 767 490 861 537; x_wconf 88' lang='lat' dir='ltr'>quod</span> <span class='ocrx_word' id='word_1_28' title='bbox 890 490 927 527; x_wconf 87' lang='lat'>&amp;</span> 
     </span>
     <span class='ocr_line' id='line_1_7' title="bbox 215 540 929 577; baseline 0.001 -1"><span class='ocrx_word' id='word_1_29' title='bbox 215 554 310 576; x_wconf 87' lang='lat' dir='ltr'>nunc</span> <span class='ocrx_word' id='word_1_30' title='bbox 348 540 515 576; x_wconf 81' lang='lat' dir='ltr'>facimus.</span> <span class='ocrx_word' id='word_1_31' title='bbox 556 543 670 576; x_wconf 87' lang='lat' dir='ltr'>Immo</span> <span class='ocrx_word' id='word_1_32' title='bbox 708 541 801 577; x_wconf 88' lang='lat' dir='ltr'>idern</span> <span class='ocrx_word' id='word_1_33' title='bbox 841 541 929 577; x_wconf 86' lang='lat' dir='ltr'>ritus</span> 
     </span>
     <span class='ocr_line' id='line_1_8' title="bbox 221 590 929 638; baseline 0 -11"><span class='ocrx_word' id='word_1_34' title='bbox 221 590 472 638; x_wconf 67' lang='lat' dir='ltr'>antiquissimis</span> <span class='ocrx_word' id='word_1_35' title='bbox 500 592 643 627; x_wconf 86' lang='lat' dir='ltr'>Graecis</span> <span class='ocrx_word' id='word_1_36' title='bbox 674 590 767 635; x_wconf 83' lang='lat' dir='ltr'>fuit,</span> <span class='ocrx_word' id='word_1_37' title='bbox 805 592 858 627; x_wconf 89' lang='lat' dir='ltr'>uti</span> <span class='ocrx_word' id='word_1_38' title='bbox 886 606 929 627; x_wconf 83' lang='lat' dir='ltr'>ex</span> 
     </span>
     <span class='ocr_line' id='line_1_9' title="bbox 219 641 930 688; baseline 0.003 -14"><span class='ocrx_word' id='word_1_39' title='bbox 219 656 238 678; x_wconf 80' lang='lat' dir='ltr'>a</span> <span class='ocrx_word' id='word_1_40' title='bbox 263 647 466 684; x_wconf 64' lang='grc' dir='ltr'>Κιτοιτάπ-ειν,</span> <span class='ocrx_word' id='word_1_41' title='bbox 493 651 553 677; x_wconf 77' lang='lat' dir='ltr'>aut</span> <span class='ocrx_word' id='word_1_42' title='bbox 580 656 598 677; x_wconf 82' lang='lat' dir='ltr'>a</span> <span class='ocrx_word' id='word_1_43' title='bbox 625 642 708 686; x_wconf 78' lang='lat' dir='ltr'>Casa</span> <span class='ocrx_word' id='word_1_44' title='bbox 733 642 770 678; x_wconf 83' lang='lat'>&amp;</span> <span class='ocrx_word' id='word_1_45' title='bbox 793 641 930 688; x_wconf 71' lang='lat' dir='ltr'>Taffus&#39;,</span> 
     </span>
     <span class='ocr_line' id='line_1_10' title="bbox 218 693 930 731; baseline -0.001 -3"><span class='ocrx_word' id='word_1_46' title='bbox 218 706 282 728; x_wconf 86' lang='lat' dir='ltr'>nos</span> <span class='ocrx_word' id='word_1_47' title='bbox 311 707 477 731; x_wconf 87' lang='lat' dir='ltr'>monens,</span> <span class='ocrx_word' id='word_1_48' title='bbox 507 703 547 727; x_wconf 82' lang='lat' dir='ltr'>ut</span> <span class='ocrx_word' id='word_1_49' title='bbox 575 694 785 727; x_wconf 83' lang='lat' dir='ltr'>vocabulum</span> <span class='ocrx_word' id='word_1_50' title='bbox 813 693 930 728; x_wconf 90' lang='lat' dir='ltr'>Galli-</span> 
     </span>
     <span class='ocr_line' id='line_1_11' title="bbox 218 743 929 790; baseline -0.001 -11"><span class='ocrx_word' id='word_1_51' title='bbox 218 757 295 779; x_wconf 84' lang='lat' dir='ltr'>cum</span> <span class='ocrx_word' id='word_1_52' title='bbox 327 748 392 778; x_wconf 68' lang='lat' dir='ltr'>Tar</span> <span class='ocrx_word' id='word_1_53' title='bbox 423 745 459 779; x_wconf 85' lang='lat' dir='ltr'>in</span> <span class='ocrx_word' id='word_1_54' title='bbox 491 743 563 790; x_wconf 72' lang='lat' dir='ltr'>ejus</span> <span class='ocrx_word' id='word_1_55' title='bbox 592 743 771 790; x_wconf 82' lang='lat' dir='ltr'>Originib.</span> <span class='ocrx_word' id='word_1_56' title='bbox 799 743 929 778; x_wconf 84' lang='lat' dir='ltr'>Gallie.</span> 
     </span>
     <span class='ocr_line' id='line_1_12' title="bbox 216 792 928 842; baseline -0.001 -13"><span class='ocrx_word' id='word_1_57' title='bbox 216 794 378 829; x_wconf 81' lang='lat' dir='ltr'>adeamus</span> <span class='ocrx_word' id='word_1_58' title='bbox 398 821 407 829; x_wconf 93' lang='lat'><strong>.</strong></span> <span class='ocrx_word' id='word_1_59' title='bbox 446 794 585 828; x_wconf 75' lang='lat' dir='ltr'><strong>Defecit</strong></span> <span class='ocrx_word' id='word_1_60' title='bbox 615 794 690 828; x_wconf 74' lang='lat' dir='ltr'>heic</span> <span class='ocrx_word' id='word_1_61' title='bbox 719 792 928 842; x_wconf 81' lang='lat' dir='ltr'>Menagium</span> 
     </span>
     <span class='ocr_line' id='line_1_13' title="bbox 216 843 929 893; baseline 0 -14"><span class='ocrx_word' id='word_1_62' title='bbox 216 843 274 880; x_wconf 90' lang='lat' dir='ltr'>sua</span> <span class='ocrx_word' id='word_1_63' title='bbox 317 844 494 880; x_wconf 82' lang='lat' dir='ltr'><strong>eruditio.</strong></span> <span class='ocrx_word' id='word_1_64' title='bbox 536 846 658 891; x_wconf 82' lang='lat' dir='ltr'>Neque</span> <span class='ocrx_word' id='word_1_65' title='bbox 697 844 929 893; x_wconf 65' lang='lat' dir='ltr'>Du—Capgius</span> 
     </span>
     <span class='ocr_line' id='line_1_14' title="bbox 217 894 928 943; baseline 0 -13"><span class='ocrx_word' id='word_1_66' title='bbox 217 908 288 930; x_wconf 86' lang='lat' dir='ltr'>rem</span> <span class='ocrx_word' id='word_1_67' title='bbox 327 895 435 943; x_wconf 83' lang='lat' dir='ltr'>ipsam</span> <span class='ocrx_word' id='word_1_68' title='bbox 477 894 558 930; x_wconf 84' lang='lat' dir='ltr'>satis</span> <span class='ocrx_word' id='word_1_69' title='bbox 597 908 657 942; x_wconf 86' lang='lat' dir='ltr'>pro</span> <span class='ocrx_word' id='word_1_70' title='bbox 693 894 749 929; x_wconf 86' lang='lat' dir='ltr'>sua</span> <span class='ocrx_word' id='word_1_71' title='bbox 787 894 928 930; x_wconf 76' lang='lat' dir='ltr'>solertia</span> 
     </span>
     <span class='ocr_line' id='line_1_15' title="bbox 216 945 928 987; baseline 0 -7"><span class='ocrx_word' id='word_1_72' title='bbox 216 945 490 981; x_wconf 78' lang='lat' dir='ltr'>animadvertit.</span> <span class='ocrx_word' id='word_1_73' title='bbox 527 945 673 987; x_wconf 74' lang='lat' dir='ltr'>Catastae</span> <span class='ocrx_word' id='word_1_74' title='bbox 701 958 828 981; x_wconf 89' lang='lat' dir='ltr'>nomen</span> <span class='ocrx_word' id='word_1_75' title='bbox 858 959 928 980; x_wconf 89' lang='lat' dir='ltr'>non</span> 
     </span>
     <span class='ocr_line' id='line_1_16' title="bbox 217 994 927 1040; baseline -0.001 -9"><span class='ocrx_word' id='word_1_76' title='bbox 217 997 383 1031; x_wconf 89' lang='lat' dir='ltr'>Italicum</span> <span class='ocrx_word' id='word_1_77' title='bbox 412 996 478 1040; x_wconf 82' lang='lat' dir='ltr'>est,</span> <span class='ocrx_word' id='word_1_78' title='bbox 517 994 571 1030; x_wconf 90' lang='lat' dir='ltr'>sed</span> <span class='ocrx_word' id='word_1_79' title='bbox 608 1009 699 1031; x_wconf 86' lang='lat' dir='ltr'>mere</span> <span class='ocrx_word' id='word_1_80' title='bbox 729 996 898 1031; x_wconf 85' lang='lat' dir='ltr'>Latinum</span> <span class='ocrx_word' id='word_1_81' title='bbox 918 1023 927 1039; x_wconf 88' lang='lat'>,</span> 
     </span>
     <span class='ocr_line' id='line_1_17' title="bbox 217 1046 928 1082; baseline -0.003 0"><span class='ocrx_word' id='word_1_82' title='bbox 217 1056 279 1082; x_wconf 89' lang='lat' dir='ltr'>aut</span> <span class='ocrx_word' id='word_1_83' title='bbox 319 1046 342 1082; x_wconf 86' lang='lat' dir='ltr'>fi</span> <span class='ocrx_word' id='word_1_84' title='bbox 386 1047 497 1081; x_wconf 72' lang='lat' dir='ltr'>mavis</span> <span class='ocrx_word' id='word_1_85' title='bbox 539 1048 710 1081; x_wconf 89' lang='lat' dir='ltr'>Graecum</span> <span class='ocrx_word' id='word_1_86' title='bbox 735 1072 745 1082; x_wconf 89' lang='lat'><strong>.</strong></span> <span class='ocrx_word' id='word_1_87' title='bbox 790 1049 841 1081; x_wconf 80' lang='lat' dir='ltr'>De</span> <span class='ocrx_word' id='word_1_88' title='bbox 886 1059 928 1081; x_wconf 89' lang='lat' dir='ltr'>eo</span> 
     </span>
     <span class='ocr_line' id='line_1_18' title="bbox 216 1097 927 1144; baseline -0.006 -11"><span class='ocrx_word' id='word_1_89' title='bbox 216 1099 415 1144; x_wconf 80' lang='lat' dir='ltr'>complures</span> <span class='ocrx_word' id='word_1_90' title='bbox 463 1097 592 1132; x_wconf 79' lang='lat' dir='ltr'>erudiri</span> <span class='ocrx_word' id='word_1_91' title='bbox 640 1097 710 1131; x_wconf 84' lang='lat' dir='ltr'>viri</span> <span class='ocrx_word' id='word_1_92' title='bbox 756 1105 900 1143; x_wconf 86' lang='lat' dir='ltr'>egerunt</span> <span class='ocrx_word' id='word_1_93' title='bbox 918 1119 927 1133; x_wconf 90' lang='lat'><em>,</em></span> 
     </span>
     <span class='ocr_line' id='line_1_19' title="bbox 216 1145 927 1194; baseline -0.004 -12"><span class='ocrx_word' id='word_1_94' title='bbox 216 1146 272 1182; x_wconf 89' lang='lat' dir='ltr'>sed</span> <span class='ocrx_word' id='word_1_95' title='bbox 315 1147 497 1194; x_wconf 82' lang='lat' dir='ltr'>praecipue</span> <span class='ocrx_word' id='word_1_96' title='bbox 540 1158 684 1193; x_wconf 87' lang='lat' dir='ltr'>magnus</span> <span class='ocrx_word' id='word_1_97' title='bbox 725 1145 927 1180; x_wconf 85' lang='lat' dir='ltr'>Cardinalis</span> 
     </span>
     <span class='ocr_line' id='line_1_20' title="bbox 215 1196 925 1240; baseline -0.003 -8"><span class='ocrx_word' id='word_1_98' title='bbox 215 1197 388 1232; x_wconf 77' lang='lat' dir='ltr'>Batonius</span> <span class='ocrx_word' id='word_1_99' title='bbox 416 1197 453 1231; x_wconf 92' lang='lat' dir='ltr'>in</span> <span class='ocrx_word' id='word_1_100' title='bbox 486 1196 591 1231; x_wconf 80' lang='lat' dir='ltr'>Notis</span> <span class='ocrx_word' id='word_1_101' title='bbox 627 1196 667 1230; x_wconf 88' lang='lat' dir='ltr'>ad</span> <span class='ocrx_word' id='word_1_102' title='bbox 706 1197 925 1240; x_wconf 78' lang='lat' dir='ltr'>Martyrolo-</span> 
     </span>
     <span class='ocr_line' id='line_1_21' title="bbox 215 1246 926 1296; baseline -0.001 -14"><span class='ocrx_word' id='word_1_103' title='bbox 215 1247 336 1296; x_wconf 83' lang='lat' dir='ltr'>gium,</span> <span class='ocrx_word' id='word_1_104' title='bbox 374 1247 415 1282; x_wconf 88' lang='lat' dir='ltr'>ad</span> <span class='ocrx_word' id='word_1_105' title='bbox 443 1247 536 1282; x_wconf 91' lang='lat' dir='ltr'>diem</span> <span class='ocrx_word' id='word_1_106' title='bbox 577 1248 674 1281; x_wconf 86' lang='lat' dir='ltr'><strong>XVI.</strong></span> <span class='ocrx_word' id='word_1_107' title='bbox 714 1246 864 1290; x_wconf 83' lang='lat' dir='ltr'>Martii,</span> <span class='ocrx_word' id='word_1_108' title='bbox 893 1248 926 1281; x_wconf 74' lang='grc' dir='ltr'>δ(</span> 
     </span>
     <span class='ocr_line' id='line_1_22' title="bbox 214 1295 926 1344; baseline 0.001 -12"><span class='ocrx_word' id='word_1_109' title='bbox 214 1299 250 1333; x_wconf 89' lang='lat' dir='ltr'>la</span> <span class='ocrx_word' id='word_1_110' title='bbox 271 1297 384 1332; x_wconf 84' lang='lat' dir='ltr'>Cerda</span> <span class='ocrx_word' id='word_1_111' title='bbox 409 1298 445 1333; x_wconf 92' lang='lat' dir='ltr'>in</span> <span class='ocrx_word' id='word_1_112' title='bbox 470 1296 712 1336; x_wconf 78' lang='lat' dir='ltr'>Adversariis,</span> <span class='ocrx_word' id='word_1_113' title='bbox 740 1295 830 1344; x_wconf 86' lang='lat' dir='ltr'><strong>Cap.</strong></span> <span class='ocrx_word' id='word_1_114' title='bbox 851 1310 926 1344; x_wconf 63' lang='lat'>71„</span> 
     </span>
     <span class='ocr_line' id='line_1_23' title="bbox 217 1347 926 1394; baseline 0 -12"><span class='ocrx_word' id='word_1_115' title='bbox 217 1357 258 1382; x_wconf 83' lang='lat' dir='ltr'>ut</span> <span class='ocrx_word' id='word_1_116' title='bbox 285 1347 412 1394; x_wconf 84' lang='lat' dir='ltr'>pudeat</span> <span class='ocrx_word' id='word_1_117' title='bbox 441 1347 494 1381; x_wconf 86' lang='lat' dir='ltr'>his</span> <span class='ocrx_word' id='word_1_118' title='bbox 522 1347 726 1381; x_wconf 86' lang='lat' dir='ltr'>immorari.</span> <span class='ocrx_word' id='word_1_119' title='bbox 756 1349 926 1382; x_wconf 78' lang='lat' dir='ltr'>Attamen</span> 
     </span>
     <span class='ocr_line' id='line_1_24' title="bbox 220 1396 926 1444; baseline -0.003 -13"><span class='ocrx_word' id='word_1_120' title='bbox 220 1397 259 1432; x_wconf 88' lang='lat' dir='ltr'>in</span> <span class='ocrx_word' id='word_1_121' title='bbox 297 1397 444 1444; x_wconf 81' lang='lat' dir='ltr'>gratiam</span> <span class='ocrx_word' id='word_1_122' title='bbox 489 1396 604 1431; x_wconf 78' lang='lat' dir='ltr'>minus</span> <span class='ocrx_word' id='word_1_123' title='bbox 643 1396 836 1443; x_wconf 88' lang='lat' dir='ltr'>peritorum</span> <span class='ocrx_word' id='word_1_124' title='bbox 874 1397 926 1430; x_wconf 91' lang='lat' dir='ltr'>di-</span> 
     </span>
     <span class='ocr_line' id='line_1_25' title="bbox 219 1445 927 1488; baseline -0.003 -6"><span class='ocrx_word' id='word_1_125' title='bbox 219 1460 317 1486; x_wconf 87' lang='lat' dir='ltr'>cam,</span> <span class='ocrx_word' id='word_1_126' title='bbox 361 1447 523 1488; x_wconf 68' lang='lat' dir='ltr'>Catasiam</span> <span class='ocrx_word' id='word_1_127' title='bbox 564 1445 655 1481; x_wconf 85' lang='lat' dir='ltr'>nihil</span> <span class='ocrx_word' id='word_1_128' title='bbox 698 1446 792 1481; x_wconf 82' lang='lat' dir='ltr'>aliud</span> <span class='ocrx_word' id='word_1_129' title='bbox 830 1445 927 1481; x_wconf 79' lang='lat' dir='ltr'>fuiffe</span> 
     </span>
     <span class='ocr_line' id='line_1_26' title="bbox 218 1496 927 1545; baseline -0.001 -13"><span class='ocrx_word' id='word_1_130' title='bbox 218 1496 282 1532; x_wconf 88' lang='lat' dir='ltr'>nifi</span> <span class='ocrx_word' id='word_1_131' title='bbox 326 1498 575 1540; x_wconf 86' lang='lat' dir='ltr'>Tabulatum,</span> <span class='ocrx_word' id='word_1_132' title='bbox 620 1496 687 1531; x_wconf 85' lang='lat' dir='ltr'>five</span> <span class='ocrx_word' id='word_1_133' title='bbox 728 1496 927 1545; x_wconf 84' lang='lat' dir='ltr'>Suggestum</span> 
     </span>
     <span class='ocr_line' id='line_1_27' title="bbox 218 1547 925 1595; baseline -0.001 -12"><span class='ocrx_word' id='word_1_134' title='bbox 218 1547 400 1595; x_wconf 84' lang='lat' dir='ltr'>ligneum,</span> <span class='ocrx_word' id='word_1_135' title='bbox 429 1548 465 1582; x_wconf 88' lang='lat' dir='ltr'>in</span> <span class='ocrx_word' id='word_1_136' title='bbox 493 1561 564 1595; x_wconf 86' lang='lat' dir='ltr'>quo</span> <span class='ocrx_word' id='word_1_137' title='bbox 593 1557 666 1582; x_wconf 91' lang='lat' dir='ltr'>tum</span> <span class='ocrx_word' id='word_1_138' title='bbox 696 1549 793 1583; x_wconf 87' lang='lat' dir='ltr'>Servi</span> <span class='ocrx_word' id='word_1_139' title='bbox 825 1561 925 1582; x_wconf 89' lang='lat' dir='ltr'>vena—</span> 
     </span>
     <span class='ocr_line' id='line_1_28' title="bbox 218 1597 927 1645; baseline -0.003 -12"><span class='ocrx_word' id='word_1_140' title='bbox 218 1599 269 1633; x_wconf 86' lang='lat' dir='ltr'>les</span> <span class='ocrx_word' id='word_1_141' title='bbox 297 1599 584 1645; x_wconf 79' lang='lat' dir='ltr'>exponebantur,</span> <span class='ocrx_word' id='word_1_142' title='bbox 614 1607 688 1632; x_wconf 90' lang='lat' dir='ltr'>tum</span> <span class='ocrx_word' id='word_1_143' title='bbox 717 1597 864 1645; x_wconf 79' lang='lat' dir='ltr'>expositi</span> <span class='ocrx_word' id='word_1_144' title='bbox 889 1598 927 1632; x_wconf 72' lang='lat' dir='ltr'>ad</span> 
     </span>
     <span class='ocr_line' id='line_1_29' title="bbox 218 1647 928 1696; baseline -0.003 -12"><span class='ocrx_word' id='word_1_145' title='bbox 218 1648 454 1696; x_wconf 82' lang='lat' dir='ltr'>ignominiam</span> <span class='ocrx_word' id='word_1_146' title='bbox 475 1676 484 1688; x_wconf 77' lang='lat'><strong>.</strong></span> <span class='ocrx_word' id='word_1_147' title='bbox 513 1659 616 1695; x_wconf 83' lang='lat' dir='ltr'>atque</span> <span class='ocrx_word' id='word_1_148' title='bbox 644 1647 752 1683; x_wconf 81' lang='lat' dir='ltr'>etiam</span> <span class='ocrx_word' id='word_1_149' title='bbox 781 1649 928 1683; x_wconf 82' lang='lat' dir='ltr'>cruciati</span> 
     </span>
    </p>
   </div>
   <div class='ocr_carea' id='block_1_3' title="bbox 172 1697 938 1747">
    <p class='ocr_par' dir='ltr' id='par_1_3' title="bbox 172 1697 938 1747">
     <span class='ocr_line' id='line_1_30' title="bbox 172 1697 938 1747; baseline -0.001 -13"><span class='ocrx_word' id='word_1_150' title='bbox 172 1710 175 1714; x_wconf 95' lang='grc'><strong>’</strong></span> <span class='ocrx_word' id='word_1_151' title='bbox 218 1697 314 1735; x_wconf 71' lang='lat' dir='ltr'>fuere</span> <span class='ocrx_word' id='word_1_152' title='bbox 347 1712 416 1734; x_wconf 91' lang='lat' dir='ltr'>non</span> <span class='ocrx_word' id='word_1_153' title='bbox 449 1700 548 1747; x_wconf 91' lang='lat' dir='ltr'>pauci</span> <span class='ocrx_word' id='word_1_154' title='bbox 577 1712 595 1733; x_wconf 89' lang='lat' dir='ltr'>e</span> <span class='ocrx_word' id='word_1_155' title='bbox 623 1698 758 1733; x_wconf 66' lang='lat' dir='ltr'>Sanfiis</span> <span class='ocrx_word' id='word_1_156' title='bbox 790 1701 938 1743; x_wconf 42' lang='lat' dir='ltr'>Many&lt;</span> 
     </span>
    </p>
   </div>
   <div class='ocr_carea' id='block_1_4' title="bbox 169 1749 930 2606">
    <p class='ocr_par' dir='ltr' id='par_1_4' title="bbox 217 1749 928 2139">
     <span class='ocr_line' id='line_1_31' title="bbox 217 1749 928 1785; baseline 0.001 -1"><span class='ocrx_word' id='word_1_157' title='bbox 217 1749 335 1785; x_wconf 85' lang='lat' dir='ltr'>ribus.</span> <span class='ocrx_word' id='word_1_158' title='bbox 366 1752 498 1784; x_wconf 87' lang='lat' dir='ltr'>Vocem</span> <span class='ocrx_word' id='word_1_159' title='bbox 531 1749 618 1784; x_wconf 87' lang='lat' dir='ltr'>hanc</span> <span class='ocrx_word' id='word_1_160' title='bbox 647 1749 834 1784; x_wconf 79' lang='lat' dir='ltr'>adhibuere</span> <span class='ocrx_word' id='word_1_161' title='bbox 862 1751 928 1785; x_wconf 79' lang='lat' dir='ltr'>Ti·</span> 
     </span>
     <span class='ocr_line' id='line_1_32' title="bbox 217 1799 928 1843; baseline 0.001 -9"><span class='ocrx_word' id='word_1_162' title='bbox 217 1799 367 1843; x_wconf 84' lang='lat' dir='ltr'>bullus,</span> <span class='ocrx_word' id='word_1_163' title='bbox 412 1799 549 1835; x_wconf 85' lang='lat' dir='ltr'>Plinius</span> <span class='ocrx_word' id='word_1_164' title='bbox 592 1799 727 1842; x_wconf 88' lang='lat' dir='ltr'>senior,</span> <span class='ocrx_word' id='word_1_165' title='bbox 773 1799 928 1839; x_wconf 85' lang='lat' dir='ltr'>Perfius,</span> 
     </span>
     <span class='ocr_line' id='line_1_33' title="bbox 219 1850 926 1894; baseline 0 -9"><span class='ocrx_word' id='word_1_166' title='bbox 219 1850 373 1889; x_wconf 87' lang='lat' dir='ltr'>Statius,</span> <span class='ocrx_word' id='word_1_167' title='bbox 403 1850 546 1885; x_wconf 56' lang='lat' dir='ltr'>Sanetus</span> <span class='ocrx_word' id='word_1_168' title='bbox 583 1851 804 1894; x_wconf 70' lang='lat' dir='ltr'>Cyprianus,</span> <span class='ocrx_word' id='word_1_169' title='bbox 843 1852 926 1886; x_wconf 86' lang='lat' dir='ltr'>Pru-</span> 
     </span>
     <span class='ocr_line' id='line_1_34' title="bbox 217 1900 927 1948; baseline 0 -12"><span class='ocrx_word' id='word_1_170' title='bbox 217 1900 380 1943; x_wconf 65' lang='lat' dir='ltr'>dendus,</span> <span class='ocrx_word' id='word_1_171' title='bbox 408 1901 442 1936; x_wconf 75' lang='grc' dir='ltr'>ὃ(</span> <span class='ocrx_word' id='word_1_172' title='bbox 471 1901 552 1936; x_wconf 86' lang='lat' dir='ltr'>alii.</span> <span class='ocrx_word' id='word_1_173' title='bbox 591 1903 746 1948; x_wconf 78' lang='lat' dir='ltr'>Eamque</span> <span class='ocrx_word' id='word_1_174' title='bbox 776 1901 927 1936; x_wconf 84' lang='lat' dir='ltr'>retinue—</span> 
     </span>
     <span class='ocr_line' id='line_1_35' title="bbox 217 1951 926 1995; baseline -0.001 -8"><span class='ocrx_word' id='word_1_175' title='bbox 217 1965 254 1987; x_wconf 87' lang='lat' dir='ltr'>re</span> <span class='ocrx_word' id='word_1_176' title='bbox 292 1951 397 1995; x_wconf 85' lang='lat' dir='ltr'>Itali,</span> <span class='ocrx_word' id='word_1_177' title='bbox 433 1964 524 1987; x_wconf 90' lang='lat' dir='ltr'>nunc</span> <span class='ocrx_word' id='word_1_178' title='bbox 561 1952 599 1987; x_wconf 68' lang='lat' dir='ltr'>ea</span> <span class='ocrx_word' id='word_1_179' title='bbox 635 1961 772 1986; x_wconf 86' lang='lat' dir='ltr'>utentes</span> <span class='ocrx_word' id='word_1_180' title='bbox 809 1952 849 1986; x_wconf 91' lang='lat' dir='ltr'>ad</span> <span class='ocrx_word' id='word_1_181' title='bbox 889 1951 926 1986; x_wconf 77' lang='lat' dir='ltr'>si-</span> 
     </span>
     <span class='ocr_line' id='line_1_36' title="bbox 219 2001 927 2049; baseline 0.003 -13"><span class='ocrx_word' id='word_1_182' title='bbox 219 2001 456 2049; x_wconf 82' lang='lat' dir='ltr'>gnificandum</span> <span class='ocrx_word' id='word_1_183' title='bbox 483 2003 860 2037; x_wconf 81' lang='lat' dir='ltr'>cumulum-elevatum</span> <span class='ocrx_word' id='word_1_184' title='bbox 884 2003 927 2038; x_wconf 83' lang='lat' dir='ltr'>li-</span> 
     </span>
     <span class='ocr_line' id='line_1_37' title="bbox 220 2050 925 2100; baseline 0.004 -14"><span class='ocrx_word' id='word_1_185' title='bbox 220 2065 391 2100; x_wconf 85' lang='lat' dir='ltr'>gnorum,</span> <span class='ocrx_word' id='word_1_186' title='bbox 428 2050 466 2087; x_wconf 86' lang='lat'>&amp;</span> <span class='ocrx_word' id='word_1_187' title='bbox 504 2066 563 2099; x_wconf 85' lang='lat' dir='ltr'>per</span> <span class='ocrx_word' id='word_1_188' title='bbox 596 2053 862 2088; x_wconf 84' lang='lat' dir='ltr'>translationem</span> <span class='ocrx_word' id='word_1_189' title='bbox 893 2067 925 2089; x_wconf 89' lang='lat' dir='ltr'>e-</span> 
     </span>
     <span class='ocr_line' id='line_1_38' title="bbox 220 2102 648 2139; baseline 0.005 -2"><span class='ocrx_word' id='word_1_190' title='bbox 220 2102 310 2137; x_wconf 86' lang='lat' dir='ltr'>tiarn</span> <span class='ocrx_word' id='word_1_191' title='bbox 339 2102 485 2138; x_wconf 86' lang='lat' dir='ltr'>aliarum</span> <span class='ocrx_word' id='word_1_192' title='bbox 514 2117 648 2139; x_wconf 88' lang='lat' dir='ltr'>rerum.</span> 
     </span>
    </p>

    <p class='ocr_par' dir='ltr' id='par_1_5' title="bbox 169 2153 930 2606">
     <span class='ocr_line' id='line_1_39' title="bbox 169 2153 928 2194; baseline 0.005 -8"><span class='ocrx_word' id='word_1_193' title='bbox 169 2153 325 2194; x_wconf 65' lang='lat' dir='ltr'>Catasio.</span> <span class='ocrx_word' id='word_1_194' title='bbox 362 2153 532 2188; x_wconf 62' lang='lat' dir='ltr'>Trifanum</span> <span class='ocrx_word' id='word_1_195' title='bbox 571 2155 789 2193; x_wconf 64' lang='lat' dir='ltr'>Decimarum,</span> <span class='ocrx_word' id='word_1_196' title='bbox 826 2153 928 2190; x_wconf 84' lang='lat' dir='ltr'>bonis</span> 
     </span>
     <span class='ocr_line' id='line_1_40' title="bbox 220 2203 927 2245; baseline 0.004 -7"><span class='ocrx_word' id='word_1_197' title='bbox 220 2203 392 2245; x_wconf 81' lang='lat' dir='ltr'>Civium,</span> <span class='ocrx_word' id='word_1_198' title='bbox 430 2207 537 2239; x_wconf 89' lang='lat' dir='ltr'>Anno</span> <span class='ocrx_word' id='word_1_199' title='bbox 565 2204 696 2241; x_wconf 80' lang='lat' dir='ltr'>Christi</span> <span class='ocrx_word' id='word_1_200' title='bbox 736 2207 927 2241; x_wconf 79' lang='lat' dir='ltr'>MCCCC-</span> 
     </span>
     <span class='ocr_line' id='line_1_41' title="bbox 220 2255 928 2295; baseline 0.001 -6"><span class='ocrx_word' id='word_1_201' title='bbox 220 2255 373 2289; x_wconf 85' lang='lat' dir='ltr'><strong>XXVII.</strong></span> <span class='ocrx_word' id='word_1_202' title='bbox 399 2267 416 2289; x_wconf 86' lang='lat' dir='ltr'>a</span> <span class='ocrx_word' id='word_1_203' title='bbox 445 2256 635 2295; x_wconf 80' lang='lat' dir='ltr'>Republica</span> <span class='ocrx_word' id='word_1_204' title='bbox 658 2256 839 2291; x_wconf 87' lang='lat' dir='ltr'>Floretina</span> <span class='ocrx_word' id='word_1_205' title='bbox 863 2256 928 2290; x_wconf 80' lang='lat' dir='ltr'>im-</span> 
     </span>
     <span class='ocr_line' id='line_1_42' title="bbox 220 2303 930 2352; baseline 0.004 -14"><span class='ocrx_word' id='word_1_206' title='bbox 220 2303 389 2352; x_wconf 83' lang='lat' dir='ltr'>positum.</span> <span class='ocrx_word' id='word_1_207' title='bbox 419 2305 478 2340; x_wconf 90' lang='lat' dir='ltr'>Ab</span> <span class='ocrx_word' id='word_1_208' title='bbox 505 2309 708 2343; x_wconf 66' lang='lat' dir='ltr'>Axamsrare</span> <span class='ocrx_word' id='word_1_209' title='bbox 727 2306 930 2341; x_wconf 75' lang='lat' dir='ltr'>derivarunt</span> 
     </span>
     <span class='ocr_line' id='line_1_43' title="bbox 220 2355 928 2402; baseline 0 -12"><span class='ocrx_word' id='word_1_210' title='bbox 220 2355 289 2390; x_wconf 90' lang='lat' dir='ltr'>hoc</span> <span class='ocrx_word' id='word_1_211' title='bbox 317 2368 445 2390; x_wconf 81' lang='lat' dir='ltr'>nomen</span> <span class='ocrx_word' id='word_1_212' title='bbox 476 2355 546 2402; x_wconf 76' lang='lat' dir='ltr'>post</span> <span class='ocrx_word' id='word_1_213' title='bbox 577 2356 852 2391; x_wconf 73' lang='lat' dir='ltr'>Machiavenum</span> <span class='ocrx_word' id='word_1_214' title='bbox 881 2360 928 2390; x_wconf 85' lang='lat' dir='ltr'>A-</span> 
     </span>
     <span class='ocr_line' id='line_1_44' title="bbox 220 2404 927 2441; baseline 0 0"><span class='ocrx_word' id='word_1_215' title='bbox 220 2404 391 2441; x_wconf 84' lang='lat' dir='ltr'>cademici</span> <span class='ocrx_word' id='word_1_216' title='bbox 431 2405 603 2441; x_wconf 83' lang='lat' dir='ltr'>Cruscani</span> <span class='ocrx_word' id='word_1_217' title='bbox 652 2407 689 2441; x_wconf 87' lang='lat' dir='ltr'>in</span> <span class='ocrx_word' id='word_1_218' title='bbox 730 2408 927 2441; x_wconf 66' lang='lat' dir='ltr'>vocabula-</span> 
     </span>
     <span class='ocr_line' id='line_1_45' title="bbox 220 2456 930 2492; baseline 0.001 -1"><span class='ocrx_word' id='word_1_219' title='bbox 220 2456 302 2491; x_wconf 83' lang='lat' dir='ltr'>rio.</span> <span class='ocrx_word' id='word_1_220' title='bbox 344 2457 475 2490; x_wconf 77' lang='lat' dir='ltr'>Errass&#39;e</span> <span class='ocrx_word' id='word_1_221' title='bbox 515 2458 597 2492; x_wconf 88' lang='lat' dir='ltr'>illos</span> <span class='ocrx_word' id='word_1_222' title='bbox 641 2457 766 2492; x_wconf 78' lang='lat' dir='ltr'>diserte</span> <span class='ocrx_word' id='word_1_223' title='bbox 808 2457 930 2492; x_wconf 81' lang='lat' dir='ltr'>scribit</span> 
     </span>
     <span class='ocr_line' id='line_1_46' title="bbox 222 2505 925 2555; baseline 0.001 -13"><span class='ocrx_word' id='word_1_224' title='bbox 222 2505 434 2555; x_wconf 83' lang='lat' dir='ltr'>Menagius:</span> <span class='ocrx_word' id='word_1_225' title='bbox 474 2520 552 2541; x_wconf 90' lang='lat' dir='ltr'>nam</span> <span class='ocrx_word' id='word_1_226' title='bbox 583 2509 735 2551; x_wconf 77' lang='lat' dir='ltr'>Catullo,</span> <span class='ocrx_word' id='word_1_227' title='bbox 773 2507 794 2542; x_wconf 78' lang='lat' dir='ltr'>si</span> <span class='ocrx_word' id='word_1_228' title='bbox 824 2508 853 2543; x_wconf 88' lang='lat' dir='ltr'>ei</span> <span class='ocrx_word' id='word_1_229' title='bbox 886 2508 925 2542; x_wconf 80' lang='lat' dir='ltr'>fi-</span> 
     </span>
     <span class='ocr_line' id='line_1_47' title="bbox 221 2557 928 2606; baseline 0 -12"><span class='ocrx_word' id='word_1_230' title='bbox 221 2557 300 2597; x_wconf 86' lang='lat' dir='ltr'>des,</span> <span class='ocrx_word' id='word_1_231' title='bbox 328 2558 541 2606; x_wconf 86' lang='lat' dir='ltr'>appellatum</span> <span class='ocrx_word' id='word_1_232' title='bbox 565 2557 633 2595; x_wconf 87' lang='lat' dir='ltr'>fuit</span> <span class='ocrx_word' id='word_1_233' title='bbox 654 2572 672 2595; x_wconf 90' lang='lat' dir='ltr'>a</span> <span class='ocrx_word' id='word_1_234' title='bbox 694 2559 818 2606; x_wconf 68' lang='lat' dir='ltr'>Capita,</span> <span class='ocrx_word' id='word_1_235' title='bbox 840 2573 906 2592; x_wconf 77' lang='lat' dir='ltr'>rum</span> <span class='ocrx_word' id='word_1_236' title='bbox 920 2585 928 2594; x_wconf 91' lang='lat'><strong>.</strong></span> 
     </span>
    </p>
   </div>
   <div class='ocr_carea' id='block_1_5' title="bbox 525 225 1462 276">
    <p class='ocr_par' dir='ltr' id='par_1_6' title="bbox 525 225 1462 276">
     <span class='ocr_line' id='line_1_48' title="bbox 525 225 1462 276; baseline 0.005 -5"><span class='ocrx_word' id='word_1_237' title='bbox 525 225 893 271; x_wconf 83' lang='lat' dir='ltr'>DISSERTATIO</span> <span class='ocrx_word' id='word_1_238' title='bbox 924 229 1462 276; x_wconf 68' lang='lat' dir='ltr'>TRIGESIMATERTIAJ</span> 
     </span>
    </p>
   </div>
   <div class='ocr_carea' id='block_1_6' title="bbox 1086 256 1808 1753">
    <p class='ocr_par' dir='ltr' id='par_1_7' title="bbox 1086 256 1808 1753">
     <span class='ocr_line' id='line_1_49' title="bbox 1095 256 1807 339; baseline 0.013 -14"><span class='ocrx_word' id='word_1_239' title='bbox 1095 290 1239 338; x_wconf 88' lang='lat' dir='ltr'>Atqui,</span> <span class='ocrx_word' id='word_1_240' title='bbox 1270 291 1459 339; x_wconf 85' lang='lat' dir='ltr'>reponebat</span> <span class='ocrx_word' id='word_1_241' title='bbox 1486 256 1807 333; x_wconf 51' lang='lat' dir='ltr'>ORaviUJsserra-</span> 
     </span>
     <span class='ocr_line' id='line_1_50' title="bbox 1094 340 1807 395; baseline 0.011 -19"><span class='ocrx_word' id='word_1_242' title='bbox 1094 340 1190 385; x_wconf 89' lang='lat' dir='ltr'>rius,</span> <span class='ocrx_word' id='word_1_243' title='bbox 1226 340 1402 377; x_wconf 88' lang='lat' dir='ltr'>tributum</span> <span class='ocrx_word' id='word_1_244' title='bbox 1439 341 1529 377; x_wconf 91' lang='lat' dir='ltr'>illud</span> <span class='ocrx_word' id='word_1_245' title='bbox 1568 357 1637 379; x_wconf 88' lang='lat' dir='ltr'>non</span> <span class='ocrx_word' id='word_1_246' title='bbox 1676 348 1807 395; x_wconf 83' lang='lat' dir='ltr'>capiti-</span> 
     </span>
     <span class='ocr_line' id='line_1_51' title="bbox 1095 391 1806 433; baseline 0.01 -7"><span class='ocrx_word' id='word_1_247' title='bbox 1095 392 1178 431; x_wconf 87' lang='lat' dir='ltr'>bus,</span> <span class='ocrx_word' id='word_1_248' title='bbox 1206 391 1260 427; x_wconf 90' lang='lat' dir='ltr'>sed</span> <span class='ocrx_word' id='word_1_249' title='bbox 1290 392 1390 428; x_wconf 88' lang='lat' dir='ltr'>bonis</span> <span class='ocrx_word' id='word_1_250' title='bbox 1418 391 1592 429; x_wconf 63' lang='lat' dir='ltr'>indifium</span> <span class='ocrx_word' id='word_1_251' title='bbox 1621 395 1708 432; x_wconf 86' lang='lat' dir='ltr'>fuit.</span> <span class='ocrx_word' id='word_1_252' title='bbox 1736 398 1806 433; x_wconf 90' lang='lat' dir='ltr'>Ni-</span> 
     </span>
     <span class='ocr_line' id='line_1_52' title="bbox 1094 441 1803 493; baseline 0.007 -16"><span class='ocrx_word' id='word_1_253' title='bbox 1094 442 1147 478; x_wconf 93' lang='lat' dir='ltr'>hil</span> <span class='ocrx_word' id='word_1_254' title='bbox 1174 441 1279 478; x_wconf 87' lang='lat' dir='ltr'>refert</span> <span class='ocrx_word' id='word_1_255' title='bbox 1297 470 1307 486; x_wconf 91' lang='lat'>,</span> <span class='ocrx_word' id='word_1_256' title='bbox 1334 443 1523 493; x_wconf 85' lang='lat' dir='ltr'>Menagius</span> <span class='ocrx_word' id='word_1_257' title='bbox 1551 444 1687 481; x_wconf 68' lang='lat' dir='ltr'>subdit:</span> <span class='ocrx_word' id='word_1_258' title='bbox 1727 451 1803 482; x_wconf 84' lang='lat' dir='ltr'>Non</span> 
     </span>
     <span class='ocr_line' id='line_1_53' title="bbox 1095 494 1805 542; baseline 0.007 -14"><span class='ocrx_word' id='word_1_259' title='bbox 1095 494 1200 528; x_wconf 82' lang='lat' dir='ltr'>hanno</span> <span class='ocrx_word' id='word_1_260' title='bbox 1232 494 1394 541; x_wconf 78' lang='lat' dir='ltr'>risguardo</span> <span class='ocrx_word' id='word_1_261' title='bbox 1428 510 1449 530; x_wconf 89' lang='lat' dir='ltr'>a</span> <span class='ocrx_word' id='word_1_262' title='bbox 1483 495 1583 542; x_wconf 79' lang='lat' dir='ltr'>queste</span> <span class='ocrx_word' id='word_1_263' title='bbox 1617 496 1805 542; x_wconf 55' lang='lat' dir='ltr'>distinzioni</span> 
     </span>
     <span class='ocr_line' id='line_1_54' title="bbox 1091 545 1806 593; baseline 0.008 -15"><span class='ocrx_word' id='word_1_264' title='bbox 1091 545 1143 591; x_wconf 78' lang='lat' dir='ltr'>gli</span> <span class='ocrx_word' id='word_1_265' title='bbox 1170 545 1408 592; x_wconf 79' lang='lat' dir='ltr'>Etimologisti.</span> <span class='ocrx_word' id='word_1_266' title='bbox 1441 546 1616 593; x_wconf 87' lang='lat' dir='ltr'>Lepidum</span> <span class='ocrx_word' id='word_1_267' title='bbox 1647 546 1726 583; x_wconf 90' lang='lat' dir='ltr'>sane</span> <span class='ocrx_word' id='word_1_268' title='bbox 1752 562 1806 584; x_wconf 90' lang='lat' dir='ltr'>re-</span> 
     </span>
     <span class='ocr_line' id='line_1_55' title="bbox 1096 595 1807 647; baseline 0.007 -18"><span class='ocrx_word' id='word_1_269' title='bbox 1096 595 1255 641; x_wconf 78' lang='lat' dir='ltr'>sponsum</span> <span class='ocrx_word' id='word_1_270' title='bbox 1282 622 1292 637; x_wconf 90' lang='lat'>,</span> <span class='ocrx_word' id='word_1_271' title='bbox 1335 604 1374 631; x_wconf 87' lang='lat' dir='ltr'>ut</span> <span class='ocrx_word' id='word_1_272' title='bbox 1419 596 1591 632; x_wconf 84' lang='lat' dir='ltr'>somniare</span> <span class='ocrx_word' id='word_1_273' title='bbox 1632 597 1807 647; x_wconf 86' lang='lat' dir='ltr'>quidquid</span> 
     </span>
     <span class='ocr_line' id='line_1_56' title="bbox 1096 645 1806 695; baseline 0.007 -15"><span class='ocrx_word' id='word_1_274' title='bbox 1096 645 1216 689; x_wconf 85' lang='lat' dir='ltr'>lubet,</span> <span class='ocrx_word' id='word_1_275' title='bbox 1256 646 1435 695; x_wconf 86' lang='lat' dir='ltr'>Menagiis</span> <span class='ocrx_word' id='word_1_276' title='bbox 1476 647 1608 683; x_wconf 85' lang='lat' dir='ltr'>liceat.</span> <span class='ocrx_word' id='word_1_277' title='bbox 1645 648 1725 684; x_wconf 87' lang='lat' dir='ltr'>Alii</span> <span class='ocrx_word' id='word_1_278' title='bbox 1763 650 1806 685; x_wconf 89' lang='lat' dir='ltr'>ab</span> 
     </span>
     <span class='ocr_line' id='line_1_57' title="bbox 1096 698 1807 742; baseline 0.01 -13"><span class='ocrx_word' id='word_1_279' title='bbox 1096 699 1284 742; x_wconf 70' lang='lat' dir='ltr'>Adquotare</span> <span class='ocrx_word' id='word_1_280' title='bbox 1315 698 1444 740; x_wconf 79' lang='lat' dir='ltr'>Catasto</span> <span class='ocrx_word' id='word_1_281' title='bbox 1473 707 1656 734; x_wconf 79' lang='lat' dir='ltr'>traxerunt</span> <span class='ocrx_word' id='word_1_282' title='bbox 1676 726 1685 735; x_wconf 89' lang='lat'><strong>.</strong></span> <span class='ocrx_word' id='word_1_283' title='bbox 1723 702 1807 736; x_wconf 80' lang='lat' dir='ltr'>Fer-</span> 
     </span>
     <span class='ocr_line' id='line_1_58' title="bbox 1097 747 1807 794; baseline 0.011 -13"><span class='ocrx_word' id='word_1_284' title='bbox 1097 747 1206 782; x_wconf 86' lang='lat' dir='ltr'>rarius</span> <span class='ocrx_word' id='word_1_285' title='bbox 1234 760 1252 782; x_wconf 91' lang='lat' dir='ltr'>a</span> <span class='ocrx_word' id='word_1_286' title='bbox 1280 749 1414 783; x_wconf 84' lang='lat' dir='ltr'>Graeco</span> <span class='ocrx_word' id='word_1_287' title='bbox 1453 754 1631 794; x_wconf 67' lang='grc' dir='ltr'>Καθὶςοιμιαι,</span> <span class='ocrx_word' id='word_1_288' title='bbox 1666 751 1807 787; x_wconf 87' lang='lat' dir='ltr'>Gotho-</span> 
     </span>
     <span class='ocr_line' id='line_1_59' title="bbox 1097 795 1807 838; baseline 0.008 -7"><span class='ocrx_word' id='word_1_289' title='bbox 1097 795 1210 832; x_wconf 86' lang='lat' dir='ltr'>fredus</span> <span class='ocrx_word' id='word_1_290' title='bbox 1247 797 1329 834; x_wconf 90' lang='lat' dir='ltr'>Lib.</span> <span class='ocrx_word' id='word_1_291' title='bbox 1368 801 1466 835; x_wconf 89' lang='lat' dir='ltr'><strong>XIII.</strong></span> <span class='ocrx_word' id='word_1_292' title='bbox 1505 802 1651 838; x_wconf 86' lang='lat' dir='ltr'>Codicis</span> <span class='ocrx_word' id='word_1_293' title='bbox 1685 801 1807 837; x_wconf 88' lang='lat' dir='ltr'>Theo-</span> 
     </span>
     <span class='ocr_line' id='line_1_60' title="bbox 1097 846 1806 895; baseline 0.011 -14"><span class='ocrx_word' id='word_1_294' title='bbox 1097 846 1226 883; x_wconf 83' lang='lat' dir='ltr'>dofiani</span> <span class='ocrx_word' id='word_1_295' title='bbox 1248 874 1257 883; x_wconf 90' lang='lat'><strong>.</strong></span> <span class='ocrx_word' id='word_1_296' title='bbox 1294 848 1371 884; x_wconf 89' lang='lat' dir='ltr'>Tit.</span> <span class='ocrx_word' id='word_1_297' title='bbox 1404 861 1458 885; x_wconf 87' lang='lat'>10.</span> <span class='ocrx_word' id='word_1_298' title='bbox 1487 852 1510 886; x_wconf 88' lang='lat' dir='ltr'>l.</span> <span class='ocrx_word' id='word_1_299' title='bbox 1541 855 1573 888; x_wconf 82' lang='lat'>8.</span> <span class='ocrx_word' id='word_1_300' title='bbox 1600 866 1618 888; x_wconf 87' lang='lat' dir='ltr'>a</span> <span class='ocrx_word' id='word_1_301' title='bbox 1648 860 1806 895; x_wconf 65' lang='grc' dir='ltr'>Κειτοιςερέω</span> 
     </span>
     <span class='ocr_line' id='line_1_61' title="bbox 1096 897 1806 949; baseline 0.013 -17"><span class='ocrx_word' id='word_1_302' title='bbox 1096 897 1339 934; x_wconf 86' lang='lat' dir='ltr'>deduxerunt:</span> <span class='ocrx_word' id='word_1_303' title='bbox 1379 901 1471 948; x_wconf 75' lang='lat' dir='ltr'>quasi</span> <span class='ocrx_word' id='word_1_304' title='bbox 1511 904 1728 949; x_wconf 81' lang='lat' dir='ltr'>temporibus</span> <span class='ocrx_word' id='word_1_305' title='bbox 1759 905 1806 941; x_wconf 74' lang='lat' dir='ltr'>iis</span> 
     </span>
     <span class='ocr_line' id='line_1_62' title="bbox 1095 947 1807 1000; baseline 0.011 -18"><span class='ocrx_word' id='word_1_306' title='bbox 1095 947 1201 995; x_wconf 85' lang='lat' dir='ltr'>usque</span> <span class='ocrx_word' id='word_1_307' title='bbox 1228 963 1271 984; x_wconf 88' lang='lat' dir='ltr'>ex</span> <span class='ocrx_word' id='word_1_308' title='bbox 1299 952 1446 986; x_wconf 86' lang='lat' dir='ltr'>Graecia</span> <span class='ocrx_word' id='word_1_309' title='bbox 1483 955 1669 1000; x_wconf 85' lang='lat' dir='ltr'>petendum</span> <span class='ocrx_word' id='word_1_310' title='bbox 1698 955 1807 991; x_wconf 79' lang='lat' dir='ltr'>fuerit:</span> 
     </span>
     <span class='ocr_line' id='line_1_63' title="bbox 1095 998 1805 1051; baseline 0.013 -19"><span class='ocrx_word' id='word_1_311' title='bbox 1095 998 1131 1033; x_wconf 92' lang='lat' dir='ltr'>id</span> <span class='ocrx_word' id='word_1_312' title='bbox 1159 1011 1310 1035; x_wconf 87' lang='lat' dir='ltr'>nomen.</span> <span class='ocrx_word' id='word_1_313' title='bbox 1336 1003 1390 1036; x_wconf 91' lang='lat' dir='ltr'>At</span> <span class='ocrx_word' id='word_1_314' title='bbox 1417 1002 1520 1038; x_wconf 81' lang='lat' dir='ltr'>nobis</span> <span class='ocrx_word' id='word_1_315' title='bbox 1547 1004 1690 1051; x_wconf 82' lang='lat' dir='ltr'>gravior</span> <span class='ocrx_word' id='word_1_316' title='bbox 1725 1005 1805 1041; x_wconf 83' lang='lat' dir='ltr'>heic</span> 
     </span>
     <span class='ocr_line' id='line_1_64' title="bbox 1094 1047 1807 1099; baseline 0.014 -17"><span class='ocrx_word' id='word_1_317' title='bbox 1094 1047 1211 1085; x_wconf 87' lang='lat' dir='ltr'>futura</span> <span class='ocrx_word' id='word_1_318' title='bbox 1247 1049 1292 1085; x_wconf 91' lang='lat' dir='ltr'>est</span> <span class='ocrx_word' id='word_1_319' title='bbox 1326 1050 1481 1099; x_wconf 90' lang='lat' dir='ltr'>ipsorum</span> <span class='ocrx_word' id='word_1_320' title='bbox 1517 1056 1807 1091; x_wconf 82' lang='lat' dir='ltr'>Florentinorum</span> 
     </span>
     <span class='ocr_line' id='line_1_65' title="bbox 1095 1099 1808 1142; baseline 0.014 -10"><span class='ocrx_word' id='word_1_321' title='bbox 1095 1099 1286 1135; x_wconf 61' lang='lat' dir='ltr'>aufiioritas</span> <span class='ocrx_word' id='word_1_322' title='bbox 1327 1102 1370 1137; x_wconf 90' lang='lat' dir='ltr'>de</span> <span class='ocrx_word' id='word_1_323' title='bbox 1405 1102 1474 1138; x_wconf 85' lang='lat' dir='ltr'>suis</span> <span class='ocrx_word' id='word_1_324' title='bbox 1509 1106 1609 1140; x_wconf 87' lang='lat' dir='ltr'>rebus</span> <span class='ocrx_word' id='word_1_325' title='bbox 1653 1105 1808 1142; x_wconf 85' lang='lat' dir='ltr'>scriben-</span> 
     </span>
     <span class='ocr_line' id='line_1_66' title="bbox 1094 1148 1807 1201; baseline 0.013 -19"><span class='ocrx_word' id='word_1_326' title='bbox 1094 1148 1206 1183; x_wconf 86' lang='lat' dir='ltr'>tium.</span> <span class='ocrx_word' id='word_1_327' title='bbox 1234 1151 1440 1192; x_wconf 62' lang='lat' dir='ltr'>fflcatastare</span> <span class='ocrx_word' id='word_1_328' title='bbox 1475 1153 1692 1201; x_wconf 80' lang='lat' dir='ltr'>significabat</span> <span class='ocrx_word' id='word_1_329' title='bbox 1718 1161 1807 1191; x_wconf 77' lang='lat' dir='ltr'>Am-</span> 
     </span>
     <span class='ocr_line' id='line_1_67' title="bbox 1093 1197 1807 1251; baseline 0.014 -20"><span class='ocrx_word' id='word_1_330' title='bbox 1093 1197 1245 1244; x_wconf 78' lang='lat' dir='ltr'>maffare,</span> <span class='ocrx_word' id='word_1_331' title='bbox 1271 1201 1503 1246; x_wconf 71' lang='lat' dir='ltr'>Ammontare‚</span> <span class='ocrx_word' id='word_1_332' title='bbox 1532 1206 1617 1238; x_wconf 76' lang='lat' dir='ltr'>fare</span> <span class='ocrx_word' id='word_1_333' title='bbox 1641 1218 1705 1240; x_wconf 79' lang='lat' dir='ltr'>rma</span> <span class='ocrx_word' id='word_1_334' title='bbox 1724 1207 1807 1251; x_wconf 83' lang='lat' dir='ltr'>mas-</span> 
     </span>
     <span class='ocr_line' id='line_1_68' title="bbox 1086 1249 1806 1294; baseline 0.014 -12"><span class='ocrx_word' id='word_1_335' title='bbox 1086 1249 1149 1294; x_wconf 85' lang='lat' dir='ltr'>sa,</span> <span class='ocrx_word' id='word_1_336' title='bbox 1177 1249 1231 1283; x_wconf 81' lang='lat' dir='ltr'>un&#39;</span> <span class='ocrx_word' id='word_1_337' title='bbox 1243 1251 1376 1287; x_wconf 79' lang='lat' dir='ltr'>unione.</span> <span class='ocrx_word' id='word_1_338' title='bbox 1404 1252 1535 1289; x_wconf 86' lang='lat' dir='ltr'>Latine</span> <span class='ocrx_word' id='word_1_339' title='bbox 1563 1254 1693 1291; x_wconf 84' lang='lat' dir='ltr'>diceres</span> <span class='ocrx_word' id='word_1_340' title='bbox 1720 1260 1806 1292; x_wconf 85' lang='lat' dir='ltr'>Con-</span> 
     </span>
     <span class='ocr_line' id='line_1_69' title="bbox 1089 1303 1807 1348; baseline 0.014 -15"><span class='ocrx_word' id='word_1_341' title='bbox 1089 1313 1216 1347; x_wconf 81' lang='lat' dir='ltr'>gerere,</span> <span class='ocrx_word' id='word_1_342' title='bbox 1252 1303 1456 1338; x_wconf 65' lang='lat' dir='ltr'>Coaa&#39;unare.</span> <span class='ocrx_word' id='word_1_343' title='bbox 1494 1306 1549 1340; x_wconf 88' lang='lat' dir='ltr'>Ex</span> <span class='ocrx_word' id='word_1_344' title='bbox 1577 1307 1730 1348; x_wconf 64' lang='lat' dir='ltr'>Catulla,</span> <span class='ocrx_word' id='word_1_345' title='bbox 1764 1308 1807 1343; x_wconf 91' lang='lat' dir='ltr'>de</span> 
     </span>
     <span class='ocr_line' id='line_1_70' title="bbox 1093 1353 1807 1399; baseline 0.014 -15"><span class='ocrx_word' id='word_1_346' title='bbox 1093 1364 1161 1397; x_wconf 90' lang='lat' dir='ltr'>qua</span> <span class='ocrx_word' id='word_1_347' title='bbox 1188 1364 1297 1398; x_wconf 86' lang='lat' dir='ltr'>nuper</span> <span class='ocrx_word' id='word_1_348' title='bbox 1333 1353 1415 1399; x_wconf 80' lang='lat' dir='ltr'>egi,</span> <span class='ocrx_word' id='word_1_349' title='bbox 1453 1357 1598 1391; x_wconf 88' lang='lat' dir='ltr'>verbum</span> <span class='ocrx_word' id='word_1_350' title='bbox 1637 1357 1726 1393; x_wconf 82' lang='lat' dir='ltr'>illud</span> <span class='ocrx_word' id='word_1_351' title='bbox 1755 1358 1807 1393; x_wconf 88' lang='lat' dir='ltr'>ef-</span> 
     </span>
     <span class='ocr_line' id='line_1_71' title="bbox 1092 1399 1807 1448; baseline 0.017 -16"><span class='ocrx_word' id='word_1_352' title='bbox 1092 1399 1304 1435; x_wconf 81' lang='lat' dir='ltr'>formatum.</span> <span class='ocrx_word' id='word_1_353' title='bbox 1334 1405 1456 1448; x_wconf 88' lang='lat' dir='ltr'>ltaque</span> <span class='ocrx_word' id='word_1_354' title='bbox 1484 1417 1502 1437; x_wconf 87' lang='lat' dir='ltr'>e</span> <span class='ocrx_word' id='word_1_355' title='bbox 1530 1405 1630 1440; x_wconf 84' lang='lat' dir='ltr'>bonis</span> <span class='ocrx_word' id='word_1_356' title='bbox 1653 1406 1807 1444; x_wconf 86' lang='lat' dir='ltr'>Civium</span> 
     </span>
     <span class='ocr_line' id='line_1_72' title="bbox 1092 1448 1805 1501; baseline 0.015 -18"><span class='ocrx_word' id='word_1_357' title='bbox 1092 1448 1274 1497; x_wconf 80' lang='lat' dir='ltr'>descriptis</span> <span class='ocrx_word' id='word_1_358' title='bbox 1302 1450 1339 1486; x_wconf 85' lang='lat' dir='ltr'>in</span> <span class='ocrx_word' id='word_1_359' title='bbox 1365 1453 1514 1501; x_wconf 79' lang='lat' dir='ltr'>Regestis</span> <span class='ocrx_word' id='word_1_360' title='bbox 1544 1455 1694 1501; x_wconf 85' lang='lat' dir='ltr'>publicis</span> <span class='ocrx_word' id='word_1_361' title='bbox 1715 1459 1805 1494; x_wconf 81' lang='lat' dir='ltr'>mas-</span> 
     </span>
     <span class='ocr_line' id='line_1_73' title="bbox 1091 1499 1805 1554; baseline 0.014 -20"><span class='ocrx_word' id='word_1_362' title='bbox 1091 1500 1127 1534; x_wconf 67' lang='lat' dir='ltr'>sa</span> <span class='ocrx_word' id='word_1_363' title='bbox 1154 1499 1326 1545; x_wconf 66' lang='lat' dir='ltr'>conflata,</span> <span class='ocrx_word' id='word_1_364' title='bbox 1354 1505 1564 1550; x_wconf 84' lang='lat' dir='ltr'>apparebat,</span> <span class='ocrx_word' id='word_1_365' title='bbox 1602 1507 1695 1554; x_wconf 85' lang='lat' dir='ltr'>quod</span> <span class='ocrx_word' id='word_1_366' title='bbox 1736 1508 1805 1544; x_wconf 82' lang='lat' dir='ltr'>fin-</span> 
     </span>
     <span class='ocr_line' id='line_1_74' title="bbox 1092 1550 1805 1607; baseline 0.017 -24"><span class='ocrx_word' id='word_1_367' title='bbox 1092 1550 1167 1597; x_wconf 85' lang='lat' dir='ltr'>guli</span> <span class='ocrx_word' id='word_1_368' title='bbox 1209 1552 1355 1598; x_wconf 84' lang='lat' dir='ltr'>pendere</span> <span class='ocrx_word' id='word_1_369' title='bbox 1400 1553 1590 1600; x_wconf 85' lang='lat' dir='ltr'>deberent,</span> <span class='ocrx_word' id='word_1_370' title='bbox 1635 1557 1674 1593; x_wconf 71' lang='grc' dir='ltr'>ἃ</span> <span class='ocrx_word' id='word_1_371' title='bbox 1717 1560 1805 1607; x_wconf 88' lang='lat' dir='ltr'>quid</span> 
     </span>
     <span class='ocr_line' id='line_1_75' title="bbox 1094 1600 1804 1654; baseline 0.011 -19"><span class='ocrx_word' id='word_1_372' title='bbox 1094 1600 1302 1647; x_wconf 87' lang='lat' dir='ltr'>Respublica</span> <span class='ocrx_word' id='word_1_373' title='bbox 1329 1602 1410 1637; x_wconf 84' lang='lat' dir='ltr'>inde</span> <span class='ocrx_word' id='word_1_374' title='bbox 1438 1605 1652 1653; x_wconf 87' lang='lat' dir='ltr'>perciperet.</span> <span class='ocrx_word' id='word_1_375' title='bbox 1680 1611 1804 1654; x_wconf 64' lang='lat' dir='ltr'>,Qgsella</span> 
     </span>
     <span class='ocr_line' id='line_1_76' title="bbox 1090 1652 1804 1704; baseline 0.02 -22"><span class='ocrx_word' id='word_1_376' title='bbox 1090 1663 1256 1697; x_wconf 63' lang='lat' dir='ltr'>grave-&lt;za</span> <span class='ocrx_word' id='word_1_377' title='bbox 1278 1679 1288 1695; x_wconf 93' lang='lat'>‚</span> <span class='ocrx_word' id='word_1_378' title='bbox 1339 1652 1390 1688; x_wconf 87' lang='lat' dir='ltr'>ait</span> <span class='ocrx_word' id='word_1_379' title='bbox 1435 1655 1644 1693; x_wconf 85' lang='lat' dir='ltr'>Admiratus</span> <span class='ocrx_word' id='word_1_380' title='bbox 1676 1659 1804 1704; x_wconf 17' lang='lat' dir='ltr'>‘senior</span> 
     </span>
     <span class='ocr_line' id='line_1_77' title="bbox 1092 1701 1803 1753; baseline 0.014 -18"><span class='ocrx_word' id='word_1_381' title='bbox 1092 1701 1175 1736; x_wconf 89' lang='lat' dir='ltr'>Lib.</span> <span class='ocrx_word' id='word_1_382' title='bbox 1208 1713 1263 1749; x_wconf 86' lang='lat'>19.</span> <span class='ocrx_word' id='word_1_383' title='bbox 1293 1703 1423 1739; x_wconf 86' lang='lat' dir='ltr'>Histor.</span> <span class='ocrx_word' id='word_1_384' title='bbox 1453 1706 1703 1753; x_wconf 76' lang='lat' dir='ltr'>florentinae,</span> <span class='ocrx_word' id='word_1_385' title='bbox 1743 1707 1803 1744; x_wconf 78' lang='lat' dir='ltr'>da&#39;l</span> 
     </span>
    </p>
   </div>
   <div class='ocr_carea' id='block_1_7' title="bbox 968 294 1016 328">
    <p class='ocr_par' dir='ltr' id='par_1_8' title="bbox 968 294 1016 328">
     <span class='ocr_line' id='line_1_78' title="bbox 968 294 1016 328; baseline -0.063 0"><span class='ocrx_word' id='word_1_386' title='bbox 968 294 1005 328; x_wconf 93' lang='lat' dir='ltr'>A</span> <span class='ocrx_word' id='word_1_387' title='bbox 1014 309 1016 325; x_wconf 58' lang='lat' dir='ltr'>i</span> 
     </span>
    </p>
   </div>
   <div class='ocr_carea' id='block_1_8' title="bbox 967 1143 998 1176">
    <p class='ocr_par' dir='ltr' id='par_1_9' title="bbox 967 1143 998 1176">
     <span class='ocr_line' id='line_1_79' title="bbox 967 1143 998 1176; textangle 90"><span class='ocrx_word' id='word_1_388' title='bbox 967 1143 998 1176; x_wconf 57' lang='grc' dir='ltr'>(Ὗ</span> 
     </span>
    </p>
   </div>
   <div class='ocr_carea' id='block_1_9' title="bbox 957 1753 1804 2610">
    <p class='ocr_par' dir='ltr' id='par_1_10' title="bbox 1085 1753 1804 2049">
     <span class='ocr_line' id='line_1_80' title="bbox 1092 1753 1804 1796; baseline 0.018 -13"><span class='ocrx_word' id='word_1_389' title='bbox 1092 1762 1215 1785; x_wconf 77' lang='lat' dir='ltr'>mettere</span> <span class='ocrx_word' id='word_1_390' title='bbox 1242 1753 1366 1793; x_wconf 74' lang='lat' dir='ltr'>insieme</span> <span class='ocrx_word' id='word_1_391' title='bbox 1393 1756 1405 1788; x_wconf 79' lang='grc' dir='ltr'><strong><em>ἰ</em></strong></span> <span class='ocrx_word' id='word_1_392' title='bbox 1431 1757 1523 1796; x_wconf 82' lang='lat' dir='ltr'>beni,</span> <span class='ocrx_word' id='word_1_393' title='bbox 1560 1759 1611 1792; x_wconf 82' lang='lat' dir='ltr'>che</span> <span class='ocrx_word' id='word_1_394' title='bbox 1637 1773 1688 1795; x_wconf 86' lang='lat' dir='ltr'>con</span> <span class='ocrx_word' id='word_1_395' title='bbox 1717 1761 1804 1796; x_wconf 79' lang='lat' dir='ltr'>altra</span> 
     </span>
     <span class='ocr_line' id='line_1_81' title="bbox 1091 1804 1803 1854; baseline 0.013 -18"><span class='ocrx_word' id='word_1_396' title='bbox 1091 1816 1162 1836; x_wconf 70' lang='lat' dir='ltr'>voce</span> <span class='ocrx_word' id='word_1_397' title='bbox 1189 1804 1392 1846; x_wconf 74' lang='lat' dir='ltr'>Accatastare</span> <span class='ocrx_word' id='word_1_398' title='bbox 1411 1805 1444 1846; x_wconf 87' lang='lat' dir='ltr'><em>st</em></span> <span class='ocrx_word' id='word_1_399' title='bbox 1471 1807 1544 1851; x_wconf 84' lang='lat' dir='ltr'>suol</span> <span class='ocrx_word' id='word_1_400' title='bbox 1569 1810 1663 1854; x_wconf 84' lang='lat' dir='ltr'>dire,</span> <span class='ocrx_word' id='word_1_401' title='bbox 1700 1814 1803 1846; x_wconf 70' lang='lat' dir='ltr'>Cata-</span> 
     </span>
     <span class='ocr_line' id='line_1_82' title="bbox 1085 1853 1802 1909; baseline 0.02 -25"><span class='ocrx_word' id='word_1_402' title='bbox 1085 1853 1133 1895; x_wconf 84' lang='lat' dir='ltr'>sto</span> <span class='ocrx_word' id='word_1_403' title='bbox 1174 1853 1209 1895; x_wconf 75' lang='lat' dir='ltr'>fu</span> <span class='ocrx_word' id='word_1_404' title='bbox 1244 1854 1421 1891; x_wconf 72' lang='lat' dir='ltr'>chiamaea.</span> <span class='ocrx_word' id='word_1_405' title='bbox 1453 1857 1511 1892; x_wconf 89' lang='lat' dir='ltr'>Ad</span> <span class='ocrx_word' id='word_1_406' title='bbox 1548 1872 1624 1894; x_wconf 87' lang='lat' dir='ltr'>eam</span> <span class='ocrx_word' id='word_1_407' title='bbox 1661 1873 1802 1909; x_wconf 85' lang='lat' dir='ltr'>quoque</span> 
     </span>
     <span class='ocr_line' id='line_1_83' title="bbox 1091 1903 1799 1956; baseline 0.016 -19"><span class='ocrx_word' id='word_1_408' title='bbox 1091 1903 1358 1940; x_wconf 71' lang='lat' dir='ltr'>similitudinem</span> <span class='ocrx_word' id='word_1_409' title='bbox 1401 1909 1621 1956; x_wconf 86' lang='lat' dir='ltr'>appellantur</span> <span class='ocrx_word' id='word_1_410' title='bbox 1663 1913 1799 1948; x_wconf 73' lang='lat' dir='ltr'>Rornae</span> 
     </span>
     <span class='ocr_line' id='line_1_84' title="bbox 1091 1954 1803 2003; baseline 0.014 -15"><span class='ocrx_word' id='word_1_411' title='bbox 1091 1955 1122 1988; x_wconf 77' lang='lat'>8&lt;</span> <span class='ocrx_word' id='word_1_412' title='bbox 1168 1954 1254 1990; x_wconf 84' lang='lat' dir='ltr'>alibi</span> <span class='ocrx_word' id='word_1_413' title='bbox 1297 1957 1310 1989; x_wconf 81' lang='grc' dir='ltr'><strong><em>ί</em></strong></span> <span class='ocrx_word' id='word_1_414' title='bbox 1351 1958 1462 1991; x_wconf 80' lang='lat' dir='ltr'>Monti</span> <span class='ocrx_word' id='word_1_415' title='bbox 1501 1960 1588 1994; x_wconf 82' lang='lat' dir='ltr'>della</span> <span class='ocrx_word' id='word_1_416' title='bbox 1625 1963 1746 2003; x_wconf 53' lang='lat' dir='ltr'>Piae,</span> <span class='ocrx_word' id='word_1_417' title='bbox 1791 1964 1803 1998; x_wconf 80' lang='lat' dir='ltr'>i</span> 
     </span>
     <span class='ocr_line' id='line_1_85' title="bbox 1092 2005 1714 2049; baseline 0.018 -12"><span class='ocrx_word' id='word_1_418' title='bbox 1092 2005 1203 2039; x_wconf 81' lang='lat' dir='ltr'>Momi</span> <span class='ocrx_word' id='word_1_419' title='bbox 1227 2006 1276 2039; x_wconf 73' lang='lat' dir='ltr'>de’</span> <span class='ocrx_word' id='word_1_420' title='bbox 1292 2008 1424 2047; x_wconf 76' lang='lat' dir='ltr'>Debiti,</span> <span class='ocrx_word' id='word_1_421' title='bbox 1453 2023 1468 2043; x_wconf 87' lang='lat' dir='ltr'>e</span> <span class='ocrx_word' id='word_1_422' title='bbox 1494 2011 1620 2045; x_wconf 64' lang='lat' dir='ltr'>Credit}</span> <span class='ocrx_word' id='word_1_423' title='bbox 1646 2016 1714 2049; x_wconf 62' lang='lat'>(9⁶02</span> 
     </span>
    </p>

    <p class='ocr_par' dir='ltr' id='par_1_11' title="bbox 957 2047 1797 2158">
     <span class='ocr_line' id='line_1_86' title="bbox 957 2047 1797 2114; baseline 0.018 -27"><span class='ocrx_word' id='word_1_424' title='bbox 957 2047 994 2080; x_wconf 71' lang='grc' dir='ltr'>ΙΕ</span> <span class='ocrx_word' id='word_1_425' title='bbox 1039 2056 1185 2090; x_wconf 57' lang='lat' dir='ltr'>Cavclo‘.</span> <span class='ocrx_word' id='word_1_426' title='bbox 1224 2059 1364 2102; x_wconf 73' lang='lat' dir='ltr'>Braffisa</span> <span class='ocrx_word' id='word_1_427' title='bbox 1389 2060 1549 2106; x_wconf 80' lang='lat' dir='ltr'>capitata.</span> <span class='ocrx_word' id='word_1_428' title='bbox 1578 2062 1670 2099; x_wconf 88' lang='lat' dir='ltr'>Vide</span> <span class='ocrx_word' id='word_1_429' title='bbox 1697 2063 1797 2114; x_wconf 78' lang='lat' dir='ltr'>supra</span> 
     </span>
     <span class='ocr_line' id='line_1_87' title="bbox 1091 2105 1626 2158; baseline 0.015 -18"><span class='ocrx_word' id='word_1_430' title='bbox 1091 2105 1127 2140; x_wconf 88' lang='lat' dir='ltr'>in</span> <span class='ocrx_word' id='word_1_431' title='bbox 1159 2107 1408 2144; x_wconf 79' lang='lat' dir='ltr'>Differtatione</span> <span class='ocrx_word' id='word_1_432' title='bbox 1436 2111 1626 2158; x_wconf 85' lang='lat' dir='ltr'>praesenti.</span> 
     </span>
    </p>

    <p class='ocr_par' dir='ltr' id='par_1_12' title="bbox 1039 2158 1800 2406">
     <span class='ocr_line' id='line_1_88' title="bbox 1039 2158 1799 2210; baseline 0.016 -20"><span class='ocrx_word' id='word_1_433' title='bbox 1039 2158 1176 2192; x_wconf 71' lang='lat' dir='ltr'>Cedola.</span> <span class='ocrx_word' id='word_1_434' title='bbox 1212 2161 1422 2204; x_wconf 68' lang='lat' dir='ltr'>Syagrapba.</span> <span class='ocrx_word' id='word_1_435' title='bbox 1458 2163 1512 2197; x_wconf 82' lang='lat' dir='ltr'>Ex</span> <span class='ocrx_word' id='word_1_436' title='bbox 1549 2164 1712 2210; x_wconf 83' lang='lat' dir='ltr'>Latino,</span> <span class='ocrx_word' id='word_1_437' title='bbox 1740 2167 1799 2202; x_wconf 85' lang='lat' dir='ltr'>vel</span> 
     </span>
     <span class='ocr_line' id='line_1_89' title="bbox 1089 2209 1800 2256; baseline 0.015 -15"><span class='ocrx_word' id='word_1_438' title='bbox 1089 2209 1223 2242; x_wconf 84' lang='lat' dir='ltr'>Graeco</span> <span class='ocrx_word' id='word_1_439' title='bbox 1242 2210 1399 2245; x_wconf 74' lang='lat' dir='ltr'>schedula</span> <span class='ocrx_word' id='word_1_440' title='bbox 1419 2212 1538 2247; x_wconf 82' lang='lat' dir='ltr'>venit.</span> <span class='ocrx_word' id='word_1_441' title='bbox 1558 2217 1711 2256; x_wconf 56' lang='lat' dir='ltr'>Sedula,</span> <span class='ocrx_word' id='word_1_442' title='bbox 1739 2216 1800 2252; x_wconf 91' lang='lat' dir='ltr'>de-</span> 
     </span>
     <span class='ocr_line' id='line_1_90' title="bbox 1089 2258 1799 2305; baseline 0.015 -13"><span class='ocrx_word' id='word_1_443' title='bbox 1089 2258 1194 2305; x_wconf 86' lang='lat' dir='ltr'>nique</span> <span class='ocrx_word' id='word_1_444' title='bbox 1223 2260 1339 2294; x_wconf 82' lang='lat' dir='ltr'>Cedola</span> <span class='ocrx_word' id='word_1_445' title='bbox 1366 2261 1491 2298; x_wconf 69' lang='lat' dir='ltr'>evasit.</span> <span class='ocrx_word' id='word_1_446' title='bbox 1518 2266 1625 2298; x_wconf 75' lang='lat' dir='ltr'>Zettel</span> <span class='ocrx_word' id='word_1_447' title='bbox 1652 2268 1799 2302; x_wconf 85' lang='lat' dir='ltr'>Germa-</span> 
     </span>
     <span class='ocr_line' id='line_1_91' title="bbox 1090 2308 1797 2359; baseline 0.016 -17"><span class='ocrx_word' id='word_1_448' title='bbox 1090 2308 1125 2344; x_wconf 90' lang='lat' dir='ltr'>ni</span> <span class='ocrx_word' id='word_1_449' title='bbox 1154 2309 1296 2349; x_wconf 69' lang='lat' dir='ltr'>dicunt,</span> <span class='ocrx_word' id='word_1_450' title='bbox 1334 2320 1437 2359; x_wconf 83' lang='lat' dir='ltr'>atque</span> <span class='ocrx_word' id='word_1_451' title='bbox 1475 2327 1492 2348; x_wconf 90' lang='lat' dir='ltr'>a</span> <span class='ocrx_word' id='word_1_452' title='bbox 1530 2315 1631 2351; x_wconf 90' lang='lat' dir='ltr'>nobis</span> <span class='ocrx_word' id='word_1_453' title='bbox 1674 2330 1797 2353; x_wconf 88' lang='lat' dir='ltr'>vocem</span> 
     </span>
     <span class='ocr_line' id='line_1_92' title="bbox 1089 2360 1607 2406; baseline 0.014 -13"><span class='ocrx_word' id='word_1_454' title='bbox 1089 2360 1253 2406; x_wconf 83' lang='lat' dir='ltr'>accepisse</span> <span class='ocrx_word' id='word_1_455' title='bbox 1281 2361 1372 2398; x_wconf 84' lang='lat' dir='ltr'>mihi</span> <span class='ocrx_word' id='word_1_456' title='bbox 1401 2364 1607 2401; x_wconf 79' lang='lat' dir='ltr'>creduntur.</span> 
     </span>
    </p>

    <p class='ocr_par' dir='ltr' id='par_1_13' title="bbox 1036 2411 1797 2610">
     <span class='ocr_line' id='line_1_93' title="bbox 1036 2411 1797 2466; baseline 0.013 -23"><span class='ocrx_word' id='word_1_457' title='bbox 1036 2411 1142 2456; x_wconf 77' lang='lat' dir='ltr'>Ceffo.</span> <span class='ocrx_word' id='word_1_458' title='bbox 1170 2412 1341 2447; x_wconf 81' lang='lat' dir='ltr'>Anterior</span> <span class='ocrx_word' id='word_1_459' title='bbox 1369 2426 1444 2459; x_wconf 86' lang='lat' dir='ltr'>pars</span> <span class='ocrx_word' id='word_1_460' title='bbox 1473 2415 1624 2462; x_wconf 83' lang='lat' dir='ltr'>capitis,</span> <span class='ocrx_word' id='word_1_461' title='bbox 1662 2418 1797 2466; x_wconf 77' lang='lat' dir='ltr'>praeci-</span> 
     </span>
     <span class='ocr_line' id='line_1_94' title="bbox 1088 2463 1795 2509; baseline 0.011 -13"><span class='ocrx_word' id='word_1_462' title='bbox 1088 2475 1151 2509; x_wconf 88' lang='lat' dir='ltr'>pue</span> <span class='ocrx_word' id='word_1_463' title='bbox 1180 2463 1359 2498; x_wconf 77' lang='lat' dir='ltr'>brutorum</span> <span class='ocrx_word' id='word_1_464' title='bbox 1390 2466 1622 2502; x_wconf 77' lang='lat' dir='ltr'>animantium</span> <span class='ocrx_word' id='word_1_465' title='bbox 1641 2495 1650 2503; x_wconf 89' lang='lat'><strong>.</strong></span> <span class='ocrx_word' id='word_1_466' title='bbox 1689 2469 1795 2503; x_wconf 79' lang='lat' dir='ltr'>Diffi-</span> 
     </span>
     <span class='ocr_line' id='line_1_95' title="bbox 1086 2512 1793 2565; baseline 0.01 -19"><span class='ocrx_word' id='word_1_467' title='bbox 1086 2512 1152 2547; x_wconf 90' lang='lat' dir='ltr'>cile</span> <span class='ocrx_word' id='word_1_468' title='bbox 1200 2513 1289 2548; x_wconf 88' lang='lat' dir='ltr'>mihi</span> <span class='ocrx_word' id='word_1_469' title='bbox 1331 2514 1529 2558; x_wconf 82' lang='lat' dir='ltr'>persuadeat</span> <span class='ocrx_word' id='word_1_470' title='bbox 1571 2518 1758 2565; x_wconf 81' lang='lat' dir='ltr'>Menagius</span> <span class='ocrx_word' id='word_1_471' title='bbox 1783 2545 1793 2561; x_wconf 88' lang='lat'><em>‚</em></span> 
     </span>
     <span class='ocr_line' id='line_1_96' title="bbox 1084 2563 1791 2610; baseline 0.011 -15"><span class='ocrx_word' id='word_1_472' title='bbox 1084 2563 1251 2599; x_wconf 77' lang='lat' dir='ltr'>Latinam</span> <span class='ocrx_word' id='word_1_473' title='bbox 1283 2577 1405 2600; x_wconf 86' lang='lat' dir='ltr'>vocem</span> <span class='ocrx_word' id='word_1_474' title='bbox 1433 2568 1538 2610; x_wconf 70' lang='lat' dir='ltr'>caput</span> <span class='ocrx_word' id='word_1_475' title='bbox 1566 2568 1791 2604; x_wconf 82' lang='lat' dir='ltr'>immutatam</span> 
     </span>
    </p>
   </div>
   <div class='ocr_carea' id='block_1_10' title="bbox 1139 2613 1742 2653">
    <p class='ocr_par' dir='ltr' id='par_1_14' title="bbox 1139 2613 1742 2653">
     <span class='ocr_line' id='line_1_97' title="bbox 1139 2613 1742 2653; baseline 0.01 -6"><span class='ocrx_word' id='word_1_476' title='bbox 1139 2614 1166 2647; x_wconf 84' lang='grc' dir='ltr'><em>Β</em></span> <span class='ocrx_word' id='word_1_477' title='bbox 1197 2614 1215 2647; x_wconf 63' lang='lat' dir='ltr'>b</span> <span class='ocrx_word' id='word_1_478' title='bbox 1244 2613 1264 2648; x_wconf 90' lang='lat' dir='ltr'>b</span> <span class='ocrx_word' id='word_1_479' title='bbox 1320 2627 1339 2649; x_wconf 81' lang='lat' dir='ltr'>z</span> <span class='ocrx_word' id='word_1_480' title='bbox 1644 2617 1742 2653; x_wconf 72' lang='lat' dir='ltr'>fuisse</span> 
     </span>
    </p>
   </div>
  </div>
 </body>
</html>
