2169 3047
256 232 337 273 577

539 213 582 255 D
594 210 845 254 JSSERTAT
853 213 907 255 lo
939 209 1459 256 TRJGESIMATERTIA
1469 242 1481 255 .

1690 219 1771 273 573

194 274 354 310 Urbibus
380 272 414 307 &
436 271 602 319 populis.
631 271 798 320 Exempli
819 271 955 312 caussa,
998 275 1031 309 A
1064 271 1145 309 aliis
1175 271 1324 307 Artibus
1352 270 1571 318 perdurant,-
1588 285 1699 320 neque
1721 289 1740 310 a
1760 277 1832 312 Lai

193 324 216 359 fi
244 336 408 372 quaeras,
436 322 525 358 unde
553 322 594 358 ad
616 335 677 357 nos
701 324 838 358 venerit
862 324 955 357 Mal⁸

192 376 258 418 lo‚·
298 387 367 422 quo
404 373 547 408 nomine
585 372 741 409 tunicam
784 372 956 421 significa-

193 438 270 461 mus
303 423 449 459 viridem
479 437 517 459 ac
547 425 716 468 mollem,
745 437 813 472 qua
834 434 955 460 cortex

192 488 319 510 nucum
362 475 396 509 δε
438 475 701 523 amygdalarum
750 475 792 510 ab
834 476 956 511 arbore

191 524 419 574 pendentium
449 525 686 562 circumdatur
707 526 846 573 <Malla
872 528 955 561 Mu-

191 576 342 612 tinenses
364 577 568 621 appellant,
596 578 628 612 &
651 581 787 612 Andave
807 578 840 612 in
863 578 955 612 Mal-

190 628 252 671 la,
280 640 387 674 quum
417 640 545 663 nucum
575 638 695 664 cortex
725 629 766 663 ab
794 641 831 663 ea
860 628 955 663 tuni—

194 690 234 712 ca
262 677 383 724 sponte
412 678 641 726 separatur).
677 679 848 715 Ofi'cavius
877 678 937 724 qui

192 728 269 762 dem
300 729 476 764 Ferrarius
505 729 753 775 respondebit,
794 743 836 765 ex
866 730 955 763 Mot-

191 778 233 812 h's
249 792 269 820 ,⁶
298 780 482 827 Menagius
514 783 593 815 vero
621 795 663 816 ex
692 783 826 816 Graeco
856 788 956 817 Μαλλὲς

192 827 410 877 fignifi‘ante
440 832 567 870 Vellus,
597 835 745 876 Lanam,
774 832 862 867 hanc
891 846 951 868 vo-

192 892 267 914 cem
297 880 481 927 prodiiffe.
513 884 642 918 Verum
677 883 784 918 nimis
812 884 883 919 lata
910 884 954 919 est

191 930 403 978 significatio
435 934 572 972 Mollis,
610 947 648 969 ac
683 933 808 970 literae
845 934 952 970 etiam

192 980 410 1030 discrepantg
441 984 472 1017 8<
502 984 650 1019 omnino
678 985 803 1020 absona
831 985 875 1020 est
896 986 953 1021 de-

192 1030 326 1067 rivatio
353 1046 372 1068 e
398 1035 554 1078 Graeco,
593 1049 701 1082 quum
738 1036 830 1071 nihil
859 1036 954 1071 aliud

194 1087 295 1119 edam-5
322 1082 386 1123 fit.
414 1097 517 1130 quam
543 1086 684 1130 globolus
701 1110 710 1124 ,
748 1085 817 1121 five
843 1087 954 1120 Cirrus

190 1137 320 1172 Lanae,
360 1133 452 1168 inter
487 1148 589 1180 quem
619 1137 652 1169 &
683 1135 836 1171 tunicam
868 1136 950 1172 viri—

191 1183 268 1218 dem
299 1196 426 1218 nucum
456 1184 547 1219 nihil
570 1184 815 1221 similitudinis
844 1188 951 1223 inter-

191 1233 305 1269 cedit.
339 1236 456 1281 Atque
484 1234 562 1270 heic
589 1236 706 1272 obiter
734 1237 953 1274 animadver—

189 1293 246 1327 te,
277 1284 499 1321 Mutinenses
527 1285 590 1322 hac
619 1301 731 1328 voce,
769 1285 895 1325 T‘uscis
923 1290 949 1326 i—

191 1335 320 1382 gnotr'i,
358 1335 469 1371 adhuc
498 1336 578 1379 uti,
616 1351 723 1384 quum
761 1339 884 1375 dicunt
912 1355 954 1375 un

190 1386 337 1420 ,ΜαΙΙοηε
364 1386 400 1420 di
427 1390 545 1426 Lana,
572 1388 607 1420 di
634 1389 789 1432 Capeus,
826 1392 861 1424 di
888 1395 952 1426 Ca-

193 1446 302 1478 mpe,
332 1435 415 1470 idest
452 1438 584 1471 Globum
621 1442 731 1473 Lanae
760 1440 826 1474 (975.
858 1443 955 1476 Ana-

194 1484 307 1520 stafius
347 1498 486 1533 quoque
527 1488 822 1525 Bibliothecarius
846 1516 856 1530 ,
900 1491 954 1527 seu

193 1535 352 1583 quisquis
389 1536 434 1571 est
463 1537 600 1573 Au&or
628 1539 734 1575 Vitae
772 1542 954 1577 Benediai

192 1588 239 1621 11.
272 1588 382 1631 Papae
421 1586 563 1623 scribit:
596 1591 657 1624 Hic
683 1603 748 1624 una
774 1605 839 1625 cum
867 1594 956 1626 Clero

192 1638 235 1671 (9⁶
265 1637 396 1671 exercitu
420 1639 553 1683 suscepit
582 1641 743 1674 Mallones
771 1643 956 1686 capillorum

191 1688 312 1722 Domni
329 1688 535 1733 Jusit'niani,
573 1689 618 1728 &³
647 1693 792 1726 Heraclei
815 1693 955 1735 filiorum

192 1738 417 1783 elementisfimi
453 1740 634 1784 Principis.
672 1744 790 1787 Quare
827 1744 954 1788 latior,

193 1800 298 1835 quam
329 1788 462 1834 putarit
489 1789 725 1840 Du·Cangius
742 1820 751 1836 ‚
780 1793 824 1828 est
851 1794 954 1834 figni—

193 1838 314 1874 ficatio
352 1838 453 1884 hujus
497 1842 624 1890 vocis3
667 1856 779 1890 neque
817 1846 955 1892 proprie

192 1888 366 1937 fignificat
391 1890 539 1932 Crinem„
569 1891 622 1928 sed
651 1894 793 1940 quidem
822 1897 954 1931 Globum

194 1940 342 1988 alicujus
370 1941 442 1984 rei,
472 1956 559 1990 quae
587 1957 605 1979 e
632 1944 725 1988 filis,
755 1956 815 1982 aut
845 1948 926 1982 pilis
944 1975 953 1989 ,

195 1990 319 2026 aliisve
347 1990 452 2027 fluxis
490 1994 588 2029 rebus
626 1996 780 2032 constet.
820 1998 954 2034 Dicunt

196 2041 303 2077 etiam
333 2041 552 2080 Mutinenses
591 2059 635 2081 un
666 2048 820 2082 Mallosco
847 2050 881 2082 di
909 2064 951 2083 ce-

194 2105 258 2135 ca,
295 2094 331 2126 di
358 2107 436 2127 neve
462 2094 533 2132 &a
561 2106 599 2131 ut
626 2097 796 2133 Globulum
825 2098 951 2145 fignifi-

196 2151 295 2179 cent.
325 2145 445 2189 Quum
473 2157 554 2194 ergo
582 2149 678 2183 nulla
708 2148 789 2184 satis
811 2151 954 2186 concin—

194 2206 239 2229 na
267 2193 367 2242 origo
397 2195 493 2231 vocis
523 2198 654 2237 Mallo,
683 2198 750 2234 five
778 2203 890 2236 Malla
917 2201 953 2237 in

196 2244 344 2280 nucibus
381 2257 566 2290 occurrat,
607 2249 769 2298 legitima
806 2251 954 2299 suspicio

194 2295 329 2331 oboriri
359 2297 488 2343 potest,
517 2298 626 2334 donec
647 2301 776 2337 certior
803 2302 879 2338 fons
900 2304 954 2339 in-

193 2345 384 2386 veniatur,
420 2362 494 2383 eam
534 2352 666 2385 Vocem
706 2352 745 2387 ad
784 2366 846 2388 nos
884 2367 951 2389 ma—

193 2396 283 2431 nasse
305 2411 348 2433 ex
377 2399 627 2446 antiquissimis
657 2402 781 2438 Italiae
809 2403 955 2439 incolis.

195 2449 320 2494 Neque
349 2449 489 2486 aliunde
517 2452 557 2486 ad
587 2465 647 2487 nos
677 2453 804 2489 venisse
830 2455 957 2495 opinor

197 2510 261 2546 ego
299 2500 441 2536 nomina
481 2504 676 2545 nonnulla,
713 2504 875 2552 quae‘in
906 2508 956 2540 A-

195 2549 386 2597 gricultura
426 2553 516 2597 apud
554 2554 741 2602 Rusticos,
777 2564 881 2605 atque
919 2557 958 2593 in

299 2604 388 2639 Tom.
416 2605 472 2641 VI.

1065 323 1110 359 tii
1137 322 1279 371 Lingua
1307 321 1374 357 rite
1402 321 1555 357 derivari
1594 324 1754 369 possunt.
1792 325 1831 363 Si

1066 383 1160 421 petas
1191 372 1366 419 originem
1397 372 1501 408 vocis
1539 374 1653 418 {sanga
1687 374 1830 422 (Bipae-

1064 425 1143 458 lium
1171 423 1296 460 Latini
1324 422 1470 472 dixere)
1493 423 1559 459 hoc
1585 423 1631 459 est
1660 424 1761 461 ferrei
1782 427 1830 462 il·-

1065 475 1134 511 lius
1162 474 1410 514 instrumenti,
1447 488 1518 522 quo
1555 484 1645 511 terra
1671 474 1828 517 foditur,

1066 525 1150 574 pede
1185 526 1362 561 innitente
1399 525 1437 561 in
1474 525 1623 561 ferreum
1662 526 1830 575 suppeda-

1065 589 1194 613 neum.
1231 576 1419 625 Menagius
1456 590 1474 612 a
1511 580 1648 625 Panga,
1686 589 1746 614 aut
1785 579 1828 614 ab

1066 627 1141 674 ipso
1168 628 1321 675 Bipalio‚
1358 627 1413 663 sed
1443 628 1584 663 adversa
1622 630 1723 676 plane
1751 629 1829 666 Mi-

1066 678 1171 714 nervzi⁴
1197 707 1206 723 ,
1262 678 1497 714 deducendam
1553 678 1790 728 suspicabatur
1814 707 1825 717 .

1005 735 1042 768 E!
1066 731 1251 766 Somnerus
1290 730 1397 765 etiam
1441 730 1615 779 Anglicus
1669 731 1828 778 Scriptor

1067 792 1188 816 vocem
1219 781 1306 816 hanc
1334 780 1452 817 frustra
1480 795 1498 816 a
1527 782 1702 820 saxonico
1734 785 1827 817 Fan-

1061 844 1154 878 gun,
1182 834 1264 879 quod
1289 833 1330 871 esi
1358 846 1452 866 manu
1478 833 1683 876 prehendere,
1712 833 1825 881 ipsam

1067 883 1198 918 traxit.
1227 882 1371 918 ReElius
1391 883 1493 919 nobis
1522 883 1825 932 persuadebimus,

1065 933 1130 968 effe
1158 933 1246 968 hanc
1276 947 1383 969 unum
1413 947 1456 969 ex
1484 934 1721 970 vetustissimis
1752 935 1827 971 Ita-

1065 983 1135 1019 liae
1176 984 1380 1027 vocabulis,
1422 998 1531 1032 quum
1570 985 1747 1021 Palladius
1784 986 1827 1022 de

1068 1036 1118 1069 Re
1147 1034 1284 1070 Rustica
1314 1039 1463 1082 Vangtn,
1501 1037 1534 1071 &
1563 1035 1708 1072 Sanetus
1736 1038 1826 1072 Gre-

1065 1084 1183 1130 gorius
1212 1085 1365 1133 Magnus
1394 1086 1536 1122 circiter
1558 1089 1627 1122 An.
1650 1087 1718 1123 Ch.
1741 1098 1827 1134 594.

1065 1135 1148 1169 L1b.
1179 1137 1241 1170 111.
1273 1136 1414 1184 Dialog.
1444 1147 1698 1172 commemoret
1724 1139 1829 1180 ferra-

999 1187 1043 1222 C·
1064 1195 1190 1225 menta,
1219 1199 1297 1232 quae
1324 1186 1439 1227 usitato
1465 1200 1519 1220 nos
1547 1188 1668 1221 nomine
1697 1191 1827 1235 Vangas

1003 1639 1034 1672 D

1040 1225 1043 1251 ι

1040 1268 1043 1301 1

1043 1682 1047 1882 ι

1064 1249 1231 1278 vocamus,
1253 1236 1420 1280 subdens,
1449 1237 1615 1285 quosdam
1638 1237 1727 1274 fures
1750 1252 1828 1275 rnu-

1065 1295 1137 1322 tata
1185 1298 1302 1324 mente
1344 1289 1603 1336 apprehendisse
1657 1294 1787 1336 Vangas
1813 1317 1825 1334 ,

1065 1337 1192 1385 quibus
1219 1339 1332 1374 cunda
1359 1340 1441 1374 horti
1468 1341 1559 1374 itlius
1580 1341 1711 1386 spatia,
1748 1355 1827 1387 quae

1068 1389 1188 1424 inculta
1224 1389 1382 1433 fuerant,
1423 1393 1606 1426 coluerunt.
1655 1391 1751 1427 Idem
1789 1391 1827 1426 in

1066 1440 1152 1474 Vita
1201 1439 1317 1475 Sanssi
1372 1441 1501 1476 Felicis
1546 1442 1743 1486 Presbyteri
1786 1441 1828 1477 ad

1065 1488 1157 1524 diem
1199 1492 1294 1526 XIV.
1332 1491 1488 1534 Januarii
1525 1491 1562 1527 in
1602 1492 1704 1528 Aetis
1743 1494 1830 1528 Bol-

1065 1540 1156 1574 land.
1196 1540 1340 1579 videas,
1378 1541 1429 1577 uti
1470 1541 1537 1588 jam
1568 1543 1708 1579 Voffius
1750 1543 1829 1579 ani-

1067 1590 1279 1629 madvertit,
1317 1591 1378 1637 qui
1417 1600 1533 1626 tamen
1575 1596 1719 1639 Vangam
1755 1607 1827 1629 non

1067 1639 1147 1674 satis
1176 1640 1310 1675 erudite
1339 1642 1490 1686 Liganem
1519 1643 1679 1690 putavit.
1708 1644 1828 1679 Foffo-

1067 1690 1112 1726 rii
1140 1700 1256 1726 autem
1286 1691 1506 1728 instrumenti
1536 1693 1637 1742 hujus
1676 1693 1826 1742 figuram

1068 1741 1233 1777 habemus
1262 1742 1472 1790 insculptam
1502 1743 1612 1779 titulo
1640 1744 1827 1793 sepulcrali

1068 1802 1167 1830 eruto
1195 1806 1238 1828 ex
1266 1793 1492 1829 coemeterio
1530 1793 1693 1839 Callisti,
1731 1797 1830 1844 cuju-

1069 1842 1160 1878 sdam
1202 1843 1334 1881 Leonis
1370 1844 1562 1880 Christiani
1599 1846 1716 1882 rustici
1756 1847 1829 1894 pri-

1069 1894 1134 1929 mis
1163 1893 1336 1930 Ecclesiae
1364 1896 1518 1939 secutis,
1556 1897 1645 1943 apud
1684 1897 1830 1933 Fabret-

1068 1943 1262 1991 tumCap.
1294 1947 1394 1983 VIII.
1434 1960 1509 1995 pag.
1544 1959 1627 1995 574.
1668 1948 1830 1996 Inscript.

1069 1996 1202 2043 antiqu.
1241 1996 1372 2042 Quaeri
1410 1997 1518 2032 eriam
1561 1999 1697 2045 posset,
1740 1999 1830 2036 unde

1069 2047 1110 2082 ad
1138 2060 1202 2082 nos
1231 2048 1367 2083 venerit
1396 2061 1523 2083 nomen
1551 2050 1721 2091 Gramola‚
1759 2064 1830 2098 quo

1069 2098 1226 2146 ligneum
1267 2097 1534 2135 instrumentum
1582 2100 1831 2150 designamus,

1070 2148 1270 2196 usurpatum
1309 2149 1348 2185 ad
1388 2151 1638 2187 conterendum
1666 2153 1697 2186 &
1729 2165 1834 2188 mun-

1069 2199 1218 2235 dandum
1249 2200 1381 2236 Linum
1411 2212 1517 2248 arque
1537 2205 1764 2245 Cannabem,
1792 2202 1832 2240 &

1071 2250 1111 2285 ad
1140 2250 1363 2299 subigendam
1393 2252 1540 2288 farinam
1563 2282 1571 2293 ,
1605 2253 1672 2290 five
1700 2263 1831 2290 ur‘nos

1071 2300 1242 2341 dicimus,
1262 2303 1295 2338 la
1310 2304 1424 2345 Pasta.
1444 2306 1481 2339 In
1501 2304 1678 2341 Differtat.
1697 2307 1830 2342 XXIV.

1070 2353 1108 2385 de
1133 2353 1247 2389 Artib.
1286 2355 1358 2389 Ital.
1397 2354 1557 2391 invenies
1593 2357 1712 2391 Linum
1748 2359 1834 2391 Gra-

1072 2404 1248 2447 mulatum,
1278 2403 1332 2441 seu
1361 2408 1641 2443 Grammulatum.
1681 2408 1833 2443 Nullum

1072 2452 1172 2502 hujus
1201 2455 1299 2491 vocis
1327 2457 1510 2505 vestigium
1542 2458 1630 2505 apud
1659 2461 1835 2501 Graecos,

1073 2505 1243 2548 Latinos,
1288 2508 1438 2547 Gallos,
1480 2518 1539 2543 aut
1578 2509 1833 2558 Septentrionis

1072 2557 1205 2592 incolas
1228 2583 1236 2591 .
1280 2560 1376 2594 Num
1417 2557 1671 2609 suspicabimur
1706 2573 1724 2594 a
1764 2559 1835 2597 sera

1184 2608 1217 2642 O
1244 2620 1267 2643 0
1688 2610 1783 2647 anti-
