2169 3047
220 212 299 240 2c1
521 188 983 232 DISSERTATJO
1025 188 1431 242 TRJGEQJMA.
1654 210 1731 235 ω

207 306 298 338 Data
319 304 376 337 IX.
398 300 564 336 Kalendas
585 299 728 343 Martii,
758 298 936 334 IndiHione
965 303 1022 335 IX.
1050 302 1150 334 Anno
1172 297 1403 333 Incarnationis
1429 298 1562 333 Domini
1585 303 1792 339 DCCCXCI,

159 358 327 401 Regnante
354 355 476 387 Damno
506 351 639 384 L‘Vidone
666 351 701 384 in
727 350 827 385 Italia
852 355 953 386 Anno
980 351 1089 398 Regni
1117 351 1184 396 ejus
1211 352 1272 385 ΙΙΙ.
1299 349 1430 394 Imperii
1458 349 1550 385 illius
1576 352 1627 386 die
1652 353 1781 391 Prima.

206 454 330 490 Amyn
356 457 461 489 Roma
487 452 521 488 in
546 452 612 489 Dei
637 452 760 488 nomine
780 451 936 496 feliciter.
963 455 1095 489 Amen.

147 1110 266 1146 Habet
293 1111 427 1148 Charta
466 1110 589 1159 (quod
626 1109 909 1147 animadverten-
944 1114 978 1149 A
1017 1109 1168 1146 selentia
1185 1110 1417 1155 Judaeorum,
1434 1124 1670 1159 conquerens,
1686 1113 1780 1161 quod

147 1161 228 1197 dum
259 1162 382 1210 utique
407 1162 477 1211 est)
505 1162 670 1211 Sigillum
697 1161 765 1198 hoc
794 1164 905 1212 plum·
1016 1160 1115 1197 Miffi
1142 1162 1267 1211 Regii,
1292 1177 1329 1197 ne
1352 1162 1571 1208 Sabbatismus
1595 1177 1695 1198 eorum
1721 1166 1780 1198 im-

150 1212 252 1249 beum
281 1214 451 1261 pendens.
487 1215 528 1249 In
558 1212 674 1249 antica
703 1222 799 1262 parte
827 1213 907 1249 vifi-
1015 1213 1198 1259 laedimur,
1235 1216 1409 1257 Mercata,
1446 1227 1524 1261 quae
1559 1214 1593 1249 in
1629 1216 1782 1250 Sabbatis

146 1271 204 1299 tur
230 1273 338 1311 caput
365 1264 616 1313 Imperatoris,
654 1277 732 1299 cum
770 1264 906 1312 epigra-
1010 1263 1151 1307 solebant
1169 1263 1270 1309 fieri,
1307 1265 1514 1310 transmutari
1547 1266 1778 1312 praeceperint.

147 1313 213 1360 phe
250 1317 412 1350 VVIDO
451 1316 750 1351 IMPERATOR
789 1317 907 1350 AGV.
1016 1313 1079 1349 Sed
1117 1315 1202 1361 quid
1237 1329 1357 1351 revera
1395 1314 1567 1364 fignificat
1597 1319 1778 1351 Mercatum

144 1363 212 1400 hoc
240 1365 284 1400 est
311 1366 500 1413 Augustus.
539 1366 580 1402 In
618 1365 744 1414 postica
775 1365 819 1401 est
848 1379 905 1401 co-
1015 1366 1185 1399 annualem
1213 1365 1356 1400 babere?
1393 1368 1506 1402 Erunt
1533 1366 1596 1414 qui
1637 1366 1778 1403 Nundi-

145 1428 231 1450 rona
267 1417 383 1451 laurea
411 1417 496 1451 alias
523 1416 642 1451 literas
670 1417 906 1463 compleE’tens
1016 1427 1074 1450 nas
1103 1414 1259 1450 solennes
1284 1415 1388 1451 semel
1415 1416 1453 1451 in
1478 1429 1570 1452 anno
1598 1418 1776 1453 celebran-

145 1466 446 1500 RENOVATIO
474 1467 628 1500 REGNI
662 1468 844 1502 FRANC.
871 1468 904 1501 i·
1013 1464 1071 1500 das
1097 1464 1174 1500 heic
1199 1465 1450 1502 intuebuntur.
1476 1467 1541 1503 Sed
1565 1481 1677 1516 neque
1697 1469 1777 1504 dee-

144 1514 213 1550 dest
240 1518 452 1550 Francorum.
483 1516 574 1550 Vide
602 1516 634 1549 &
663 1517 811 1550 alterum
841 1516 904 1551 Di·
1013 1525 1116 1559 runt,
1133 1516 1194 1562 qui
1216 1515 1454 1561 suspicentur,
1473 1519 1666 1554 sabbatinus
1681 1522 1774 1554 Mer-

143 1567 262 1613 ploma
299 1565 464 1601 Widonis
505 1565 607 1613 ipsius
650 1565 687 1601 in
727 1565 906 1601 Differtat.
942 1567 970 1600 B
1012 1576 1097 1598 catus
1124 1565 1202 1600 heic
1229 1566 1424 1613 designari,
1452 1567 1514 1614 qui
1552 1581 1678 1616 nempe
1709 1568 1777 1605 fin-

145 1618 314 1651 XXXIV.
340 1618 379 1650 cle
405 1617 582 1660 DIplontat.
613 1629 682 1662 quo
720 1615 905 1652 confirma·
982 1612 985 1658 Ι
1009 1614 1101 1662 gulis
1129 1615 1288 1651 Sabbatis
1317 1629 1375 1661 per
1401 1625 1518 1652 totum
1550 1630 1681 1653 annum
1709 1619 1772 1654 ha-

141 1675 199 1702 tur
228 1667 401 1714 propofita
428 1667 572 1714 Epocha
609 1666 760 1714 ejusdem
791 1669 904 1714 Impe—
1012 1665 1203 1700 bebantur.
1239 1666 1369 1701 Efidem
1397 1666 1653 1715 fignificatione
1677 1668 1775 1704 usur-

141 1717 214 1752 rii.
252 1716 444 1763 Regredior
474 1729 566 1750 nunc
596 1716 637 1750 ad
671 1716 904 1764 Privilegium
1011 1723 1131 1762 patum
1156 1715 1254 1751 fuiffe
1274 1719 1392 1751 Forum
1415 1720 1574 1761 annuale,
1598 1718 1692 1765 quod
1717 1719 1775 1755 in-

142 1765 334 1802 Amiatino
371 1765 557 1801 Coenobio
599 1766 792 1802 concessum
817 1791 827 1805 ,
866 1767 904 1802 in
1008 1764 1058 1800 fra
1085 1775 1266 1809 occurret,
1302 1766 1393 1802 mihi
1421 1767 1530 1802 etiam
1560 1768 1771 1815 persuadeo.

139 1830 211 1864 quo
256 1815 350 1852 idem
389 1816 563 1864 Augustus
602 1815 715 1852 eidem
756 1816 906 1864 largitur
1008 1815 1046 1850 Id
1075 1825 1191 1851 autem
1219 1816 1424 1861 sublucere,
1462 1831 1505 1852 ne
1533 1818 1648 1853 dicam
1676 1820 1773 1855 luce-

1005 1878 1042 1900 re
1067 1865 1208 1901 videtur
1235 1866 1273 1901 in
1299 1865 1458 1911 Charta,
1481 1881 1586 1915 quam
1613 1869 1772 1905 vetustis—

141 1918 320 1954 Tenemus
362 1917 439 1953 heic
475 1916 727 1965 antiquitatem
765 1917 903 1953 Merca-
1005 1914 1128 1951 fimum
1158 1916 1338 1965 Regestum
1369 1920 1513 1954 MSrum
1543 1919 1695 1956 Archivi
1724 1923 1773 1956 E-

143 1976 244 2004 tuum
273 1967 415 2016 fingulis
443 1968 564 2004 diebus
589 1968 732 2004 sabbati
760 1982 830 2004 non
856 1969 904 2004 fe·
1004 1965 1116 2002 stenfis
1153 1980 1245 2002 nunc
1283 1967 1374 2003 mihi
1402 1968 1628 2016 suppeditat,
1666 1970 1774 2019 digna

140 2018 182 2053 sti
220 2019 472 2054 celebratorum
489 2046 497 2055 .
534 2019 598 2054 Sed
635 2020 668 2053 &
697 2019 904 2068 Agobardus
924 2020 969 2054 ‘C
1006 2017 1108 2066 plane
1135 2031 1223 2064 quae
1259 2019 1397 2066 legatur
1423 2020 1469 2054 ob
1497 2020 1566 2055 alia
1594 2020 1708 2057 etiam
1735 2035 1771 2058 e-

141 2068 384 2116 Lugdunenfis
412 2069 707 2118 Archiepiscopus
745 2079 844 2106 antea
874 2069 904 2106 i-
1005 2067 1196 2105 raditionis
1224 2068 1391 2117 antiquae
1418 2069 1562 2120 vestigia
1580 2097 1589 2107 .

144 2118 223 2154 dem
248 2132 310 2155 nos
331 2119 494 2156 docuerat
520 2120 558 2157 in
580 2120 758 2169 Opusculo
781 2121 822 2157 de
846 2122 904 2156 In-

142 1870 322 1902 ..M'ercamm
349 1867 560 1902 sabbatinum
577 1893 587 1910 ‚
617 1867 674 1911 seu
710 1869 879 1902 annualem
896 1894 904 1902 .

139 2243 255 2286 Pana
277 2243 377 2302 pacis
399 2246 435 2286 δε
457 2245 618 2290 foederis
637 2245 728 2289 initi
749 2246 851 2290 inter
870 2249 1111 2289 Mantuanos
1134 2247 1171 2288 &
1194 2243 1475 2300 Ferrafiensts,
1500 2250 1621 2290 Anno
1648 2251 1770 2292 1208.

188 2377 224 2409 N
245 2375 362 2416 Christi
389 2376 530 2412 nomt'ne.
558 2377 651 2412 Tah's
669 2377 716 2421 fit
742 2379 898 2414 concordia

224 2426 303 2459 inter
339 2429 538 2462 Mantuanos
574 2427 620 2465 &
656 2429 898 2473 Ferrarienses.

139 2477 266 2511 Scilicet
293 2480 373 2523 quod
398 2478 530 2512 homines
559 2481 737 2520 Mantuae,
764 2480 806 2512 (9⁰
832 2479 899 2522 eius

142 2527 347 2576 Episcopatus
368 2528 410 2564 (9¹
435 2529 532 2565 totius
557 2530 625 2577 ejus
644 2529 825 2574 dislriblus,
843 2534 899 2567 de·

1011 2381 1106 2414 beant
1134 2380 1178 2414 ire
1208 2379 1255 2418 &¹
1284 2379 1382 2414 redire
1407 2389 1462 2425 per
1488 2378 1664 2414 Civitatem
1692 2382 1772 2413 Fer-

1012 2431 1113 2465 rariae
1142 2431 1184 2464 (9¹
1213 2431 1281 2473 ejus
1308 2430 1556 2475 Episcopatum‚
1594 2442 1687 2476 atque
1723 2439 1771 2462 to-

1010 2491 1077 2514 tum
1115 2481 1318 2523 distrifflnm,
1359 2493 1418 2514 non
1457 2481 1605 2523 solvendo
1642 2480 1772 2523 aliquod

1011 2532 1134 2568 datium
1146 2559 1156 2577 ,
1176 2530 1239 2572 nili
1257 2535 1335 2568 duos
1356 2532 1536 2576 Vennenses
1557 2532 1590 2566 in
1609 2531 1670 2585 lorp
1693 2531 1771 2562 Fere

1591 2592 1694 2615 ΥᾼΥΜΘ
1706 2606 1719 2625 3
