2169 3047
230 243 254 281 7
266 241 278 267 -,
289 241 313 280 7
508 215 876 261 DESSERTATIO
907 212 1450 260 TRIGESIMATERTIAJ
1652 237 1674 275 7
1687 236 1700 261 ι
1711 221 1736 261 8

221 283 257 317 di
295 279 400 316 vestes
436 278 607 325 Bfgarre‘es
643 276 926 323 anpellabantur.
964 279 996 313 A

221 334 298 369 Nos
327 345 343 365 a
371 330 514 365 Gallico
542 328 686 373 Bigarre
707 327 847 362 traxifl‘e
873 327 926 362 vi-

221 382 342 417 demur
368 381 552 424 Bizzarro:
579 377 635 413 illi
664 391 681 412 a
707 378 808 413 nobis
828 377 925 412 suum

221 435 401 476 Br'qzarre,
429 430 462 464 &
491 428 700 474 Brzzarrerie
712 454 721 464 .

171 483 332 517 Bloccare.
375 479 541 515 Militare
585 479 725 514 verbum
768 478 927 514 Gallicae

220 532 402 579 Linguae,
430 530 522 578 quod
551 528 589 565 &
617 543 679 565 nos
709 530 790 564 Itali
814 531 855 564 ab
884 529 927 565 iis

220 582 431 624 didicimus,
453 580 647 627 significans
669 580 844 615 instituere
864 581 926 615 ob-

220 631 387 667 fidionem
426 631 550 669 Arcis,
592 630 743 666 Urbisve
780 631 925 680 alicujus

221 696 239 717 a
268 683 394 729 longe.
438 682 595 716 Borellus
623 694 665 716 ex
694 681 864 728 antiqua,
892 682 924 715 &

222 731 382 767 forfiatan
435 732 606 766 somniat&
652 744 737 766 voce
787 730 926 766 Gallica

221 783 332 817 Blocal
351 809 360 823 ‚
389 781 480 816 idern
511 780 749 829 significante,
778 794 816 816 ac
841 784 924 816 Bar-

224 833 352 874 ricade,
389 832 535 868 deduxit
565 831 662 867 suum
693 832 850 878 Eloquer.
881 834 929 866 A-

227 882 269 917 lii
298 896 315 916 a
344 883 527 925 Buculare‚
566 884 674 917 altera
713 895 799 917 voce
836 896 930 928 pere-

223 932 343 981 grina.
373 932 559 968 Hickesms
580 935 662 968 vero
683 932 845 980 opinatus
866 933 931 975 est,

224 995 298 1018 eam
342 982 439 1018 fuiffe
480 984 697 1018 efformatam
751 997 768 1018 e
819 985 930 1019 veteri

225 1033 418 1069 Themisto
447 1034 552 1069 verbo
581 1036 737 1072 ΒὲΙοεαη,
765 1034 857 1080 quod
888 1048 929 1068 ex

225 1087 273 1119 Be
300 1084 333 1118 ἃ
362 1087 447 1125 Lac,
474 1086 553 1118 Serd
580 1085 622 1117 Φ
649 1084 806 1126 Clausus-A
834 1096 922 1118 com>

225 1133 396 1179 ponitur.
435 1134 623 1181 Dispurent
665 1131 722 1166 illi
760 1132 801 1166 de
842 1132 929 1168 suis.

223 1185 299 1230 Ego
327 1183 366 1217 ad
397 1183 504 1217 nostra
532 1181 726 1226 regredior.

176 1234 311 1267 Boccia.
339 1234 442 1278 Calyx
480 1233 515 1267 in
547 1232 712 1275 floribus,
751 1231 814 1268 flos
843 1247 925 1268 non—

223 1283 303 1318 dum
333 1292 489 1329 apertus.
524 1283 717 1320 Tuscorum
758 1297 828 1319 vox
866 1285 928 1320 est.

223 1333 328 1379 Apud
361 1333 579 1368 Lornbardos
615 1334 651 1368 in
694 1333 753 1368 usu
791 1336 928 1369 tantum

226 1382 269 1417 est
305 1385 459 1423 Bonane,
497 1396 566 1428 quo
603 1383 707 1417 eriam
747 1383 854 1418 Tusci
893 1398 929 1418 u-

225 1441 369 1467 tuntur.
396 1433 582 1480 Menagius
604 1430 794 1480 suspicatur
814 1446 831 1467 a
854 1436 930 1468 Val-

226 1495 310 1525 vus,
344 1490 403 1517 aut
431 1483 472 1517 ab
509 1482 583 1521 ioso
612 1486 744 1517 Bottone
771 1484 927 1519 efforma-

227 1543 301 1567 tum
335 1533 471 1567 Boccia.
508 1534 659 1569 Fortasse
694 1533 830 1569 ernerfit
861 1548 929 1569 vox

228 1582 286 1618 ista
324 1596 365 1618 cx
404 1583 616 1619 Germanico
653 1588 763 1630 Butz,
802 1584 930 1632 fignifi-

228 1643 329 1668 cante
365 1633 485 1677 idem,
524 1636 616 1681 quod
653 1638 809 1669 Bonane.
848 1634 932 1670 Inde

227 1684 328 1719 nobis
356 1687 476 1728 Buff,
509 1688 644 1731 B⁰ZZ“·
683 1685 790 1721 Tusci
822 1687 929 1722 Lom—

227 1733 405 1769 bardicum
434 1737 510 1770 ZA
533 1735 570 1770 in
600 1739 718 1771 CCI-A
749 1746 928 1772 converre-

223 1797 261 1821 re
301 1783 443 1829 solent,
485 1799 523 1821 ac
565 1786 710 1834 proinde
752 1787 932 1822 efformare

226 1844 416 1884 potuerunt
436 1838 567 1871 Roscia.
598 1836 712 1885 Ipsum
742 1839 823 1872 verb
844 1839 925 1872 Ger-

226 1886 404 1921 manicum
443 1890 533 1931 Butz
569 1900 652 1923 num
690 1888 859 1930 prodierit
889 1901 930 1923 ex

227 1939 358 1971 Pulcare
384 1937 618 1979 Latinorum,
655 1939 688 1973 &
718 1951 760 1973 an
789 1938 828 1972 fir
861 1938 927 1982 pri-

228 1985 394 2022 mitivum
422 1986 518 2021 illius
539 1988 719 2036 Linguae,
748 1989 932 2024 decernant

228 2036 311 2070 alii.
341 2036 596 2073 Mutinensibus
626 2040 752 2073 Butlive
779 2039 931 2079 dicitur,

227 2086 320 2134 quod
349 2087 488 2123 Latinis
515 2087 559 2123 est
588 2091 736 2125 Paleas-e.
770 2088 932 2124 Fortassis

228 2135 336 2172 etiarn
383 2150 424 2173 ex
469 2138 709 2183 antiquissimo
761 2140 932 2174 vocabulo

229 2187 328 2222 Bmis
363 2188 496 2223 emerfit
534 2193 686 2231 Bonane,
724 2191 757 2225 &
795 2192 932 2233 Boccia,

231 2237 470 2280 metaphorice
497 2240 643 2275 vocibus
672 2240 765 2276 hisce
796 2239 922 2275 adhibi-

231 2287 277 2322 tis
321 2288 359 2323 ad
402 2288 660 2336 significandam
697 2304 768 2326 rena
806 2289 931 2326 Tumi-

231 2337 331 2373 dam.
362 2339 451 2374 Vide
479 2339 568 2375 infra
599 2344 729 2386 anza.

181 2389 352 2423 Bolcione.
388 2391 555 2436 Bolqone.
602 2391 774 2426 Bellicum
812 2391 932 2426 instru-

231 2449 389 2475 mentum
431 2442 470 2475 ad
510 2440 734 2489 confrigenda
772 2441 934 2476 moenia.

231 2491 402 2526 Telorum
443 2503 581 2537 quoque
623 2491 749 2534 species
790 2491 838 2526 ita
876 2505 935 2538 ap—

232 2540 386 2590 pellata.
421 2541 608 2591 Menagius
644 2543 678 2577 8<
715 2541 890 2579 Ferrarius
917 2555 936 2578 a

970 727 996 760 m

1089 276 1223 311 Graeco
1276 279 1351 309 Βόλος
1369 298 1376 310 ,
1427 272 1643 322 significante
1690 277 1798 312 ac‘t'um

1085 325 1279 372 jaculandi,
1307 337 1435 360 nomen
1464 324 1531 360 hoe
1558 326 1796 363 deducendum

1089 376 1154 411 effe
1181 374 1343 422 suspicati
1373 375 1470 410 sunt.
1500 376 1551 410 At
1588 376 1674 412 istud
1703 377 1794 412 nihil

1089 426 1131 462 ad
1169 424 1316 474 primam
1356 424 1649 475 significationem
1685 425 1794 464 facit.

1089 478 1212 524 Itaque
1240 475 1522 512 confiderandum
1552 477 1669 525 potius
1699 476 1795 512 vide-

1088 536 1166 566 tur,
1204 540 1285 562 num
1323 541 1342 563 a
1379 529 1531 567 Patare,
1573 527 1629 565 seu
1665 527 1797 572 Pulsan-

1089 577 1210 624 (quod
1248 577 1338 613 idem
1369 578 1442 626 est)
1470 578 1636 615 emerfiss‘e
1673 586 1795 624 potue-

1087 627 1135 663 rit
1176 629 1323 662 Pultione
1347 653 1358 668 ,
1398 628 1490 676 quod
1529 629 1640 676 postea
1681 627 1796 664 lenius

1088 678 1355 725 pronuntiatum
1373 679 1506 715 dederit
1523 681 1681 726 Bolzone.
1700 681 1795 715 Nam

1086 729 1126 764 ad
1155 730 1307 769 Telum,
1335 729 1403 765 five
1431 730 1600 778 Sagittam
1628 731 1722 778 quod
1743 739 1795 765 at-

1085 779 1199 827 tinet,
1242 780 1302 815 vix
1346 779 1509 816 fallamur
1535 809 1544 824 ‚
1586 781 1794 817 deducentes

1085 830 1175 864 illud
1203 843 1221 865 e
1248 830 1460 866 Germanico
1488 832 1609 877 Boltz,
1637 831 1731 867 idem
1753 830 1795 866 sl-

1084 880 1298 928 gnificante‚
1327 881 1388 916 nifi
1425 880 1463 918 &
1500 882 1588 918 istud
1617 897 1634 918 e
1662 884 1795 917 Pultare

1085 930 1278 977 profezstum
1325 931 1450 967 fuerit.
1497 931 1717 968 Mutinenses
1759 946 1795 968 e—

1084 981 1170 1016 tiam
1201 982 1379 1028 appellant
1406 984 1547 1027 Bolzone
1574 982 1701 1019 ferrum
1730 981 1796 1017 sta-

1085 1030 1156 1066 bile
1184 1031 1386 1079 prominens
1423 1032 1460 1068 in
1498 1034 1672 1080 operculis
1700 1046 1795 1068 arca-

1084 1094 1160 1115 rum
1180 1108 1189 1123 ,
1219 1082 1254 1116 in
1285 1083 1377 1128 quod
1406 1096 1472 1130 ope
1500 1084 1611 1120 clavis
1640 1083 1795 1119 includi-

1084 1139 1142 1164 tur
1178 1131 1350 1166 clathrum
1393 1132 1541 1168 ferreum
1582 1134 1715 1168 mobile
1752 1133 1811 1168 ad'

1085 1192 1197 1214 arcam
1226 1181 1500 1217 occludendam.
1530 1184 1646 1228 Quare
1675 1183 1740 1218 hoc
1761 1182 1795 1218 ei

1085 1243 1212 1266 nomen
1241 1229 1467 1278 impositum,
1496 1231 1642 1281 ignoro.

1034 1282 1195 1316 Bardone.
1224 1282 1317 1318 Vide
1344 1281 1435 1317 infra
1464 1285 1601 1319 Brulla.

1034 1330 1173 1378 Boffolo.
1201 1334 1322 1379 Pyxis.
1349 1336 1395 1367 A
1415 1336 1525 1367 Buxus
1542 1361 1552 1377 ‚
1590 1334 1712 1370 arbore
1738 1333 1795 1370 vi-

1084 1381 1243 1421 delicet,
1287 1396 1305 1418 e
1341 1383 1437 1429 cujus
1476 1384 1658 1432 praecipue
1695 1385 1796 1432 ligno

1086 1430 1224 1467 vascula
1251 1432 1509 1476 conficiuntur,
1539 1434 1693 1481 profeRa
1722 1446 1793 1470 vox

1086 1481 1238 1518 creditur
1274 1482 1444 1530 Menagio
1472 1492 1575 1532 atque
1613 1484 1792 1521 Fer-rario-

1085 1529 1175 1576 Boffo
1202 1534 1234 1568 8<
1264 1532 1384 1578 Boffolo
1411 1533 1528 1568 eadem
1557 1535 1658 1570 arbor
1678 1549 1695 1570 a
1716 1537 1795 1570 Tu-

1086 1581 1150 1616 scis
1187 1584 1406 1631 appellatur.
1445 1584 1528 1618 Veri
1567 1586 1715 1619 omnino
1753 1584 1795 1618 fi—

1086 1631 1204 1671 milis,
1245 1643 1348 1680 atque
1385 1633 1554 1668 laudanda
1594 1633 1794 1682 hujusmodi

1086 1683 1340 1731 Etymologia.
1379 1685 1425 1718 Et
1462 1684 1644 1731 praecipue
1686 1697 1795 1732 quum

1085 1735 1240 1779 Pyxidem
1294 1733 1419 1770 Latini
1469 1733 1531 1781 ipfi
1585 1749 1604 1770 a
1660 1738 1795 1771 Graeco

1086 1791 1156 1823 Πὸξιε
1195 1785 1411 1832 acceperint.
1439 1791 1510 1823 Πύξις
1547 1799 1628 1820 vero
1656 1788 1674 1821 ὲ
1701 1790 1798 1826 Πῦξος,

1087 1834 1303 1884 significante
1334 1838 1486 1875 Rumam,
1526 1836 1731 1873 descendisse
1760 1852 1797 1873 a—

1087 1886 1286 1934 gnoicstur,
1309 1888 1360 1921 uti
1385 1895 1484 1922 antea
1506 1896 1689 1922 monuerat
1707 1888 1797 1923 Vos—

1088 1937 1174 1972 [ius.
1217 1937 1332 1984 Hujus
1369 1937 1491 1982 Erymi
1529 1938 1661 1972 idcirco
1698 1951 1797 1975 rnen-

1088 1988 1220 2022 tionem
1251 1986 1339 2029 feci,
1368 1988 1450 2034 quia
1480 1987 1682 2024 Leibnitius
1701 2016 1710 2032 ‚
1739 1989 1796 2025 vir

1087 2037 1128 2072 de
1155 2036 1264 2072 studio
1293 2037 1545 2086 Etymologico
1577 2039 1662 2074 bene
1691 2040 1797 2075 meri-

1089 2097 1166 2129 tus,
1203 2087 1238 2121 in
1270 2087 1543 2124 Adnotationib.
1573 2089 1613 2123 ad
1643 2092 1798 2125 Franco-

1087 2137 1241 2173 Galliam
1289 2137 1416 2179 onii,
1459 2138 1591 2174 censuit
1634 2139 1798 2187 probabi-

1087 2188 1176 2227 lius,
1198 2201 1215 2222 e
1236 2188 1449 2223 Germanico
1467 2190 1590 2229 Baths,
1613 2188 1666 2224 seu
1693 2190 1798 2224 Buch-

1082 2239 1142 2283 se‚
1180 2237 1394 2281 significante
1423 2240 1597 2286 Pyxidem.
1635 2241 1799 2276 efforma-

1089 2299 1162 2324 tum
1192 2288 1289 2323 fuisse
1318 2289 1512 2325 Tuscorum
1552 2289 1702 2335 Bnffolo,
1742 2291 1798 2327 seu

1090 2337 1239 2383 Boffolo;
1265 2340 1296 2373 8<
1323 2338 1471 2385 Ballista,
1500 2340 1797 2388 quemadmodum

1090 2403 1152 2424 nos
1183 2391 1373 2425 Lombardi
1402 2391 1575 2426 dicimus.
1604 2393 1649 2426 Et
1678 2405 1798 2428 revera

1090 2439 1226 2487 aspeElu
1255 2441 1370 2489 primo
1399 2442 1573 2483 probanda
1603 2442 1742 2478 videtur
1765 2456 1800 2478 e-

1090 2490 1238 2539 jusmodi
1292 2492 1522 2538 Etymologia
1554 2520 1563 2533 ,
1625 2505 1731 2534 quum
1782 2505 1801 2527 e

1089 2541 1194 2576 Bmhs
1220 2542 1287 2577 rite
1326 2541 1584 2579 diminutivum
1621 2542 1802 2587 Busb‘ola,

1663 2593 1751 2638 Bus-
