2169 3047
393 214 479 262 ⁶79
743 201 1117 274 ANTJJQUIT.
1157 198 1370 245 MEDn
1405 200 1571 246 ΑΕνι
1824 210 1909 251 ⁶80

380 264 474 312 pfit,
514 264 607 301 idem
649 264 863 310 confirmat,
901 266 1090 313 mquiens:
1116 265 1161 302 ΙΑ

380 316 540 360 Bachile,
581 316 751 360 Arabiae,
792 316 910 352 Falra.
956 316 1094 353 Bachalt'
1130 329 1133 331 ·

379 368 559 414 Stephano.
587 369 633 403 Et
657 367 768 403 infra:
797 368 932 405 Bakilla
956 371 997 410 esi
1023 371 1088 404 Fa-

378 418 449 453 ba.
496 418 656 454 Tandem
696 419 837 454 Gollius
879 420 916 454 in
953 420 1090 456 Lexico

375 469 537 504 Arabico
564 469 655 504 testis
681 468 746 507 est,
773 472 895 504 Fabam
921 470 1009 515 apud
1037 473 1087 506 A·

376 519 473 555 tabes
492 519 660 566 appellari
678 521 834 556 Bakfllan
851 519 887 555 &
908 522 1087 558 Bakz'laon.

326 570 469 605 Bao-ino.
495 571 628 608 Pel-vis,
655 570 813 604 Lab-vum.
841 573 933 613 Vas,
955 571 990 606 in
1018 585 1087 617 quo

377 619 513 667 aliquid
543 621 700 654 lavatur.
726 620 901 656 Ferrarius
930 622 971 656 ab
992 625 1086 656 Aba-

376 682 428 704 ιιι-τ
452 670 673 705 derivatione
699 670 833 716 prorsus
859 671 973 708 aliena
998 672 1085 708 hanc

373 733 498 756 vocem
522 719 651 757 trahit.
675 722 861 770 Menagius
883 733 943 758 aut
962 737 979 758 a
1003 727 1085 763 Vas,

375 772 547 813 Vasinum,
585 772 762 815 Bucinum,
791 783 850 808 aut
884 787 901 808 a
939 776 1082 810 Germa-

369 821 453 857 nico
481 823 593 867 Βαεὶ,
623 825 685 858 Vas
723 822 958 872 significante.
996 828 1082 871 Ety-

369 873 564 922 mologiam
592 874 739 921 primam
766 874 924 922 quisnam
952 878 1079 924 ample-

370 923 514 960 ἕξεων.)
562 925 650 962 Back
697 926 947 962 Germanicum
993 926 1083 962 mihi

368 974 521 1010 minime
557 975 711 1011 occurrit
749 990 810 1024 pro
848 978 926 1019 Vale
940 992 959 1020 ;
993 987 1083 1014 atta-

367 1038 450 1060 tnen
476 1025 521 1062 iis
549 1026 593 1062 est
626 1028 767 1070 Beckeri,
794 1027 988 1076 significans
1014 1032 1083 1064 Ba-

368 1076 447 1120 cile,
477 1076 532 1112 seu
560 1078 700 1113 Bacino.
729 1080 783 1113 Ac
813 1088 993 1126 propterea
1023 1093 1079 1114 ve-

366 1126 399 1161 ri
427 1127 568 1162 videtur
595 1127 727 1170 firnile,
756 1142 799 1163 ex
838 1142 958 1164 eorum
990 1129 1081 1165 Lin-

366 1189 434 1222 gua
462 1178 503 1212 ad
532 1190 594 1212 nos
622 1178 781 1226 migrasse
810 1179 1020 1214 vocabulum
1051 1179 1078 1214 i-

365 1226 460 1262 stud.
491 1229 537 1262 Et
564 1228 746 1277 praecipue
771 1229 864 1277 quod
888 1231 1079 1279 Gregorius

366 1277 579 1313 Turonensis
618 1288 673 1313 tot
719 1289 799 1314 ante
837 1282 957 1316 Secula
995 1281 1078 1317 Lib.

366 1340 402 1375 9.
430 1329 518 1376 Cap.
547 1331 603 1365 28.
634 1329 762 1365 Histor.
790 1333 911 1365 Franc.
938 1330 1075 1378 scripse—

364 1377 439 1413 rit:
462 1384 542 1413 Cum
561 1381 682 1413 duabus
702 1381 820 1422 pateris
843 1381 982 1426 ligneis,
1003 1394 1080 1426 quas

364 1429 465 1476 vulgo
493 1428 670 1463 Barchinon
700 1437 849 1468 vocant,
875 1430 928 1465 uti
957 1431 1074 1466 Borel—

365 1481 418 1514 lus
457 1479 728 1514 animadvertit.
767 1479 883 1516 Viden
920 1481 1076 1529 antiqui—

367 1538 474 1564 tatem
506 1529 603 1564 vocis
631 1529 668 1564 in
707 1533 918 1567 Francorum
951 1532 1076 1580 gente?

363 1579 450 1614 Inde
496 1581 676 1615 Gallicum
729 1582 863 1626 Baffin.
910 1583 1077 1630 Hispanis

363 1629 496 1678 pariter
522 1630 566 1665 est
595 1632 698 1667 Basia
725 1634 758 1667 δ(
789 1633 916 1677 Bazin.
956 1633 995 1669 [n
1026 1636 1076 1669 A·

361 1681 484 1716 rabum
514 1695 653 1729 quoque
691 1682 845 1731 Lingua
863 1683 998 1731 aliquid
1026 1684 1075 1720 af-

363 1730 434 1767 fine
462 1732 628 1768 invenio.
658 1734 720 1769 Sed
757 1734 919 1781 quando,
950 1733 973 1769 fi
1005 1749 1075 1771 non

363 1792 519 1825 certam,
549 1782 670 1819 saltem
709 1785 935 1820 verifimilem
972 1785 1077 1821 habe-

361 1845 440 1868 mus
468 1832 642 1881 originem
682 1848 723 1870 ex
752 1836 964 1881 Germania,
992 1837 1075 1873 reli-

363 1882 443 1930 quis
471 1896 609 1930 parcere
638 1885 754 1931 juvat.

311 1935 416 1969 Basa.
446 1936 600 1970 Bombix.
630 1935 722 1971 Vide
749 1935 839 1972 infra
867 1937 1024 1984 Bigatto.

310 1986 460 2020 Budare.
485 1988 611 2020 Moram
633 1987 754 2030 facere.
785 1988 923 2035 Rejecit
948 1991 1075 2025 Mena-

362 2035 441 2084 gius
481 2036 689 2072 castelvetri
737 2037 971 2080 sententiam,
1012 2053 1073 2088 pu-

361 2085 495 2129 tantis,
524 2100 541 2122 a
572 2088 692 2122 Vadari
720 2088 853 2124 Latino
889 2089 978 2125 hanc
1010 2104 1073 2126 vo-

360 2150 437 2172 cem
477 2135 575 2173 fuisse
612 2137 826 2183 profeffiam,
863 2148 967 2187 atque
1002 2140 1073 2190 ipse

359 2199 380 2221 a
408 2187 542 2222 Latino
581 2190 708 2222 Budare
745 2189 876 2225 traxit:
917 2204 996 2226 narn
1034 2191 1071 2227 in

357 2235 482 2273 Isidori
524 2237 651 2273 Gloffis
693 2238 839 2275 habetur
875 2241 1071 2288 Hippitare,

358 2287 496 2331 oscitare
512 2315 521 2331 ,
564 2290 692 2323 Budare
708 2316 717 2324 .
759 2290 821 2326 Sed
866 2303 1069 2340 corruptum

359 2337 453 2374 hunc
490 2339 606 2374 locum
648 2340 824 2376 Ferrarius
865 2344 1069 2388 contendit,

360 2389 394 2424 ἃ
424 2388 641 2425 scribendum
670 2391 837 2427 abhalare.
874 2395 950 2441 Ego
978 2396 1069 2430 Ara-

359 2439 475 2475 bicam
519 2453 641 2476 vocem
682 2441 770 2477 olim
813 2444 961 2490 putavi.
999 2445 1068 2480 Uti

359 2490 502 2527 Gollius
529 2505 592 2528 nos
619 2492 742 2533 docet.
767 2496 911 2529 Aabada
938 2494 1067 2541 fignifi-

361 2551 417 2579 cat
452 2545 622 2585 Moratus,
650 2543 825 2582 canamus
856 2545 924 2591 fuit
948 2546 1083 2592 facere.-

1255 261 1353 298 Hinc
1379 262 1571 312 profefi‘tum
1597 263 1790 301 arbitrabar
1814 267 1967 303 nostrum

1255 323 1355 348 tenere
1377 329 1398 349 a
1418 317 1534 354 Bada,
1553 315 1637 358 stare
1660 330 1680 350 a
1704 319 1821 361 Bada,
1841 319 1875 353 ὅ(
1903 331 1967 367 po-

1253 364 1317 400 stea
1354 365 1574 402 efformatum
1611 368 1759 403 Budare.
1798 368 1894 404 Audi
1929 369 1963 404 δε

1253 417 1428 465 Giggeum
1456 417 1693 465 explicantem
1723 418 1806 454 haec
1836 419 1962 455 verba:

1252 469 1317 501 Ma
1343 469 1527 503 -Aabadano
1558 469 1689 512 asaala,
1718 472 1790 504 Non
1827 481 1964 505 moratus

1251 517 1292 558 est
1317 518 1434 560 [aare.
1457 518 1549 553 Heic
1569 518 1714 553 Anbada
1733 520 1961 569 conjunElum

1251 567 1296 602 est
1323 581 1401 604 cum
1430 568 1558 602 affixo.
1587 568 1750 604 Italicum
1783 574 1864 607 vero
1891 575 1962 607 Ba-

1250 619 1325 652 dare
1353 631 1414 665 pro
1441 618 1601 652 Animum
1628 621 1790 653 advertere
1820 621 1860 655 ad
1888 635 1961 657 rem

1250 668 1476 716 quampiam,
1511 667 1592 704 inde
1630 678 1749 705 natum
1790 671 1878 706 mihi
1908 672 1964 707 vi-

1249 719 1416 762 debatur,
1445 719 1537 766 quod
1575 720 1712 755 animus
1749 733 1882 756 moram
1911 722 1963 758 fa-

1249 769 1299 804 cit
1327 769 1364 804 in
1402 770 1549 817 alicujus
1577 769 1627 805 rei
1665 769 1961 809 consideratione.

1248 823 1346 855 Bada
1371 821 1440 855 alla
1466 821 1515 854 tal
1541 820 1627 864 cosa,
1656 820 1749 857 idem
1784 822 1829 858 est
1856 832 1962 872 atque

1249 871 1393 906 Fermati
1419 885 1439 906 a
1474 871 1680 912 confiderarla
1690 886 1710 915 ,·
1736 874 1871 907 Contine
1897 888 1961 910 va-

1245 933 1373 968 gantem
1409 922 1576 966 animum,
1612 933 1647 956 ut
1687 923 1741 957 hoc
1775 923 1961 965 confideres.

1248 974 1368 1016 Haec,
1397 971 1564 1020 inquam,
1592 971 1681 1008 olim
1717 972 1806 1009 mihi
1834 974 1960 1022 opinio

1246 1022 1419 1058 insederat
1435 1051 1443 1058 .
1466 1025 1597 1058 Vetilm
1624 1023 1662 1059 in
1687 1024 1793 1060 aliam
1819 1025 1959 1061 descen-

1246 1073 1304 1112 di,
1326 1087 1431 1121 quam
1453 1073 1533 1109 vide
1554 1073 1645 1110 infra
1667 1075 1708 1110 ad
1729 1088 1853 1111 vocem
1874 1078 1959 1113 sba-

1244 1123 1383 1170 dt'gliare
1399 1151 1408 1159 .

1120 1168 1153 1205 C
1194 1174 1371 1220 Bagascia.
1393 1175 1555 1217 Inhonesta
1576 1175 1718 1219 femina.
1744 1177 1959 1223 Bagasct'one.

1244 1225 1422 1266 Inhoneftus
1447 1237 1541 1272 puer.
1581 1226 1645 1261 Nil
1679 1227 1766 1263 certi
1795 1227 1957 1263 adferunt

1245 1275 1421 1311 Ferrarius
1462 1277 1496 1310 ἃ
1538 1276 1725 1324 Μεηεὲἓυε
1743 1304 1751 1312 .
1796 1280 1849 1313 Ne
1891 1291 1956 1326 ego

1244 1325 1386 1373 quidem
1404 1324 1555 1360 adferam
1568 1352 1576 1360 .
1594 1328 1861 1363 Tantummodo
1881 1342 1958 1364 rno-

1243 1388 1324 1410 nere
1361 1375 1481 1422 juvat,
1519 1376 1676 1411 Arabum
1718 1378 1852 1424 Populo
1885 1382 1957 1413 Ba—

1239 1426 1360 1472 ghizon
1397 1424 1589 1473 fignificare
1631 1426 1831 1473 Improbitati
1865 1430 1958 1463 dedi-

1242 1487 1331 1520 tum,
1371 1477 1583 1522 Impudkum,
1621 1478 1822 1519 Obscoenum.
1859 1481 1955 1515 Num

1245 1527 1326 1563 inde
1362 1527 1539 1562 efformari
1581 1528 1698 1575 potuit
1740 1530 1956 1576 Bagascione,

1243 1580 1275 1614 &
1305 1593 1347 1614 ex
1375 1578 1438 1614 isto
1464 1578 1650 1626 Bagascia?
1677 1579 1803 1615 Itidem
1833 1579 1957 1616 viden-

1243 1630 1348 1669 dum,
1378 1642 1420 1665 an
1458 1643 1500 1665 ex
1539 1631 1646 1665 altera
1678 1643 1764 1666 voce
1802 1631 1956 1667 Arabica

1248 1681 1405 1724 Birdaso,
1442 1680 1498 1716 seu
1536 1681 1702 1725 Bardason
1741 1681 1955 1729 significante

1241 1731 1429 1775 Scelestum,
1467 1733 1663 1775 Improbum,
1700 1735 1873 1777 Superbam
1900 1733 1955 1766 bo-

1242 1783 1377 1826 minem,
1394 1782 1434 1816 ad
1453 1795 1514 1816 nos
1534 1781 1722 1828 prostestarn
1745 1781 1850 1817 fuerit
1867 1785 1954 1817 Bar-

1241 1831 1353 1877 daffa.
1390 1831 1610 1866 Mutinenses
1649 1831 1782 1874 etiarn,
1820 1832 1954 1881 aliique

1242 1882 1436 1920 Lombardi
1458 1883 1635 1930 appellant
1656 1881 1849 1928 Bardaffone
1870 1897 1954 1931 pue-

1241 1948 1340 1974 rum,
1384 1941 1443 1969 aut
1484 1933 1737 1968 adolescentem
1782 1947 1951 1981 nequam.

1241 1984 1392 2030 Hispani
1420 1997 1560 2032 quoque
1579 1985 1708 2030 Bagasa
1729 1983 1951 2032 Impudicam

1242 2037 1426 2072 mulierem
1446 2035 1569 2070 dicunt
1582 2063 1591 2077 ,
1609 2047 1712 2081 quam
1736 2048 1857 2070 vocem
1875 2034 1953 2072 Co-

1240 2086 1426 2129 varavias,
1451 2095 1511 2123 aut
1538 2087 1579 2121 ab
1607 2085 1784 2122 Hebraico
1812 2088 1952 2134 Bagad,

1241 2138 1484 2177 Praevaricari,
1521 2138 1668 2177 Fallere,
1706 2138 1866 2180 Mentiri,
1894 2137 1952 2172 de-

1241 2189 1366 2233 ducit,
1404 2198 1465 2225 aut
1505 2189 1546 2223 ab
1584 2188 1742 2224 Arabico
1781 2187 1951 2224 vocabulo

1240 2244 1377 2288 Bagax,
1405 2238 1621 2288 significante
1648 2240 1786 2276 Dolum.

1190 2291 1397 2339 Bagattella.
1425 2295 1492 2326 Res
1518 2291 1600 2325 levis
1628 2291 1723 2335 pretii
1753 2304 1788 2326 ac
1814 2301 1947 2321 momen-

1241 2343 1289 2385 ti,
1317 2345 1450 2387 Nugae.
1479 2343 1533 2377 Ex
1562 2341 1723 2377 cathedra
1759 2338 1947 2385 Menagius

1241 2392 1468 2442 pronuntiat:
1490 2392 1530 2428 E*
1541 2407 1583 2427 un
1598 2389 1790 2427 diminutivo
1809 2389 1845 2423 di
1862 2392 1946 2424 Bac-

1239 2458 1275 2480 ca
1311 2443 1452 2487 Latino,
1493 2444 1543 2478 che
1582 2442 1656 2476 vale
1692 2440 1810 2475 Perla.
1848 2441 1946 2476 Tum

1240 2494 1440 2530 Salmafium
1478 2492 1596 2528 laudat
1623 2490 1772 2537 ejusdem
1803 2490 1947 2534 opinio-

1239 2545 1295 2582 nis
1315 2545 1490 2581 auffiorem
1510 2542 1550 2578 in
1572 2541 1679 2579 Notis
1700 2542 1741 2578 ad
1762 2541 1922 2599 Solinum
1934 2568 1946 2586 ,

1798 2605 1894 2640 cujus
