2169 3047
405 205 489 243 219
669 184 961 242 'ANTIQ

343 249 397 284 lus
435 244 693 296 suppeditabat.
733 244 807 294 Ipsa
835 257 973 292 quoque
1003 241 1105 277 Italia

344 299 493 342 vinum,
520 298 659 336 oleum,
697 297 730 331 8<
761 295 856 331 varia
893 292 1036 340 opificia
1067 292 1104 328 in

344 348 655 398 septemtrionales
667 348 783 395 plagas
794 345 997 381 emittebat.
1010 343 1103 388 Quei

344 400 547 450 procederet
571 396 840 434 mercimonium
862 393 1103 443 Langobardis

345 450 602 500 regnantibus,
644 457 872 484 monumenta
913 446 1010 481 nulla
1050 457 1103 479 me

345 501 501 550 docent3
539 498 706 535 rariffima
737 498 866 547 quippe
902 494 1103 543 supersunt.

344 551 455 589 Certe
483 550 638 596 nuspiam
675 549 852 596 legimus,
889 556 1027 595 gentem
1059 545 1103 579 il—

344 604 416 638 lam
445 600 588 637 tentasse
608 598 767 635 claffibus
789 610 939 645 aequor,
966 595 1004 631 &
1030 607 1098 630 ma-

343 652 467 689 ritima
493 648 796 687 commerciasuis
823 646 970 683 navibus
996 645 1101 681 fovis-

344 702 403 739 se.
445 705 496 739 At
533 701 592 737 sub
630 700 772 736 Francis
812 699 914 734 Italia
952 695 1102 745 potitis,

344 763 559 789 mercaturae
585 751 728 799 vestigia
766 760 883 797 aperta
917 748 1102 783 habemus.

344 805 441 839 Inter
476 802 713 838 additamenta
751 801 792 835 ad
822 798 1102 849 Langobardicas

342 856 456 903 Leges
493 866 568 902 pag.
604 864 686 897 114.
726 853 817 887 Part.
857 853 902 886 ΙῘ.
929 852 1038 885 Tom.
1077 851 1102 884 l.

343 907 424 940 Rer.
453 903 604 940 Italicar.
633 902 766 952 protuli
803 914 867 950 ego
894 900 1103 950 Capitulare

342 954 469 991 Caroli
506 953 631 1001 Magni
667 955 705 988 de
732 952 1012 999 Negotiatoribus‚
1049 952 1103 999 qui

339 1007 485 1054 partibus
504 1006 689 1039 sclavorum
713 1002 757 1042 οὐ·
779 1007 964 1039 Avarorum
986 1002 1102 1049 (nuuc

340 1056 617 1104 Hungarorum)
643 1065 797 1100 pergunt,
825 1054 976 1101 quousque
1000 1064 1102 1100 proce-

340 1109 410 1142 dere
437 1120 502 1141 cum
534 1106 599 1149 suis
639 1105 772 1152 negotiis
807 1105 966 1139 debeant.
1005 1106 1101 1139 Haec

341 1157 486 1206 quidem
511 1157 736 1192 Germaniam
763 1154 974 1204 respiciunt,
1003 1165 1040 1190 ut
1069 1157 1101 1190 8:
1125 1157 1127 1160 ’

340 1209 412 1244 alia
433 1207 555 1245 Caroli
586 1207 736 1255 ejusdem
761 1205 984 1255 Capitularia
1012 1207 1099 1255 apud

341 1259 528 1295 Baluzium
555 1258 718 1306 legenda.
745 1258 807 1293 Sed
832 1270 934 1293 nemo
956 1270 1025 1292 non
1045 1257 1098 1292 in-

341 1310 504 1359 telligat,
533 1308 676 1344 Italicos
702 1322 840 1357 quoque
863 1308 984 1343 iisdem
1011 1317 1098 1343 tem-

341 1362 484 1410 poribus
521 1373 593 1395 non
632 1359 767 1408 segnius
808 1358 966 1394 institisse
1003 1371 1099 1394 com-

341 1411 518 1447 mutandis
547 1411 718 1446 mercibus
748 1409 835 1445 suis.
875 1411 989 1446 Immo
1026 1417 1099 1444 erat

339 1462 390 1497 eis
419 1462 525 1506 etiam
564 1460 814 1497 commercium
853 1458 1098 1495 maritimum.

338 1512 378 1548 In
409 1513 609 1548 Annalibus
638 1511 851 1547 Bertinianis
882 1510 922 1545 ad
952 1512 1097 1546 Annum

337 1565 561 1599 MCCCXX.
598 1561 658 1600 ista
695 1563 882 1608 leguntur:
923 1563 960 1594 In
988 1563 1099 1595 Italico

336 1614 418 1648 mari
453 1614 515 1647 οὲἶο
542 1616 651 1648 Naves
681 1612 918 1658 Negotiatorum
953 1614 993 1645 de
1019 1614 1097 1646 Sar-

335 1665 428 1699 dinia
453 1664 584 1699 Italiam
609 1662 828 1697 revertentium
852 1677 872 1697 a
896 1662 1019 1708 pyratis
1045 1676 1095 1698 ca—

333 1726 408 1761 ptae
435 1729 470 1749 ae
496 1715 648 1758 demersae
669 1718 766 1758 sunt.
796 1716 841 1749 Er
871 1713 998 1761 primas
1026 1712 1096 1748 for-

337 1765 418 1800 tasse
455 1764 664 1800 obtinebant
692 1764 820 1799 Veneti
860 1764 895 1800 in
933 1764 1094 1799 excolen-

336 1816 388 1850 dis
416 1814 569 1864 negotiis
597 1813 635 1849 ἃ
664 1814 874 1849 advehendis
903 1814 1093 1849 mercibus.

338 1868 430 1901 Nam
460 1865 620 1914 quamvis
660 1864 852 1899 Insularum
882 1867 1093 1900 Venetarum

336 1915 464 1952 incolis
495 1916 636 1951 ineunte
666 1916 788 1950 Seculo
813 1913 945 1950 Christi
967 1917 1096 1958 Sexto,

333 1967 368 2001 in
392 1967 516 2002 salinis
543 1966 715 2001 exercendis
739 1975 805 2000 tota
831 1965 982 2000 contentIo
1005 1963 1094 2010 effer,

333 2018 376 2052 2¹9·
413 2020 486 2053 inde
518 2018 563 2051 eis
594 2017 717 2061 sruHus
752 2016 851 2050 omnis
886 2017 1092 2061 enasceretur,

333 2067 380 2105 &⁰
406 2079 575 2114 paupertas
603 2067 651 2102 ibi
678 2081 743 2102 cum
770 2067 927 2101 divitibus
953 2065 1014 2110 suh
1041 2081 1093 2101 ae-

334 2119 489 2164 qualitate
523 2119 725 2161 conviveret,
764 2117 816 2152 uti
854 2116 1093 2153 Caffiodorius

335 2170 416 2205 Lib.
449 2181 503 2204 12.
532 2168 675 2216 Epistol.
704 2181 761 2214 24.
793 2167 940 2216 scribir3
974 2181 1090 2216 proce-

332 2219 435 2255 dente
465 2229 581 2254 ramen
619 2229 776 2266 tempore
813 2218 997 2254 industrius
1028 2219 1092 2253 iiie

334 2271 486 2316 Populus
530 2279 759 2305 mercaturam
802 2269 912 2304 facere
951 2270 1090 2304 adortus

329 2320 374 2355 est
402 2321 440 2356 efi
477 2320 586 2356 animi
616 2319 870 2363 contentione,
909 2329 947 2355 ut
983 2320 1089 2354 ferme

330 2385 416 2407 unus
445 2371 482 2406 in
512 2371 651 2406 Italiam
681 2372 888 2418 importaret
917 2370 1086 2418 quidquid

329 2423 397 2457 rari
427 2434 464 2457 ac
494 2421 629 2470 pretiosx
659 2424 785 2457 Oriens
813 2421 996 2470 gigneret,
1029 2430 1087 2455 aut

328 2472 534 2508 xfftbricaret.
562 2473 661 2507 Teste
682 2471 862 2508 Monacho
886 2472 1086 2521 Sangallen-

329 2521 372 2565 fi,
396 2524 492 2571 cujus
515 2524 616 2559 verba
640 2524 675 2557 in
698 2523 949 2565 Differtatione
973 2524 1085 2558 XXV.

962 181 1110 237 mr.
1161 178 1408 226 MEDJJ
1462 179 1655 224 AEVJ

1834 200 1916 227 220

1142 244 1176 278 A
1213 240 1250 273 de
1274 239 1429 274 Textrina
1453 240 1582 285 attuli,
1609 240 1690 277 dum
1717 241 1865 278 Carolus
1891 245 1974 279 Ma-

1145 708 1172 741 13³

1135 1671 1169 1705 D

1213 302 1298 337 gnus
1326 289 1363 326 in
1392 289 1497 326 Italia
1525 290 1739 337 versaretur,
1767 293 1839 341 ejus
1864 295 1971 342 Opti-

1214 349 1322 376 mates
1341 341 1429 374 modo
1445 342 1484 375 de
1503 343 1609 389 Papia
1626 355 1778 378 venerant
1790 372 1800 388 ,
1817 346 1861 379 ad
1878 359 1973 392 quam

1213 402 1308 437 nuper
1336 391 1473 426 Venetici
1497 395 1536 426 de
1568 394 1788 438 transmarinis
1821 395 1976 439 partibus

1211 453 1313 476 ornnes
1338 443 1547 477 Orientalium
1573 444 1711 479 divitias
1737 446 1970 482 adustas-ant.

1213 492 1265 526 En
1293 505 1374 540 ergo
1401 492 1462 539 qui
1492 502 1575 528 tunc
1605 494 1794 543 navigandi
1822 497 1860 532 in
1891 498 1970 532 lon-

1212 541 1358 589 ginquas
1394 542 1573 590 regiones,
1610 545 1644 578 &
1682 545 1858 582 mercandi
1896 557 1970 584 arte

1211 591 1250 626 in
1286 592 1390 627 ltalia
1428 592 1655 640 praestarent.
1694 597 1748 630 Ac
1786 596 1968 645 praecipue

1211 641 1249 677 in
1277 643 1443 691 Aegypto
1471 641 1508 679 ἃ
1539 643 1637 689 Syria
1665 647 1879 683 commercio
1907 661 1969 683 va-

1212 692 1356 732 cabant,
1384 703 1422 729 ut
1450 693 1579 729 constat
1607 708 1647 730 ex
1678 696 1831 733 Historia
1852 700 1970 734 Tran-

1211 742 1373 778 slationis
1390 745 1559 792 Corporis
1580 746 1695 781 SanEh
1718 748 1856 791 Marci,
1873 749 1968 796 quod

1212 792 1351 829 circiter
1390 796 1537 831 Annum
1579 795 1707 832 Christi
1751 800 1967 836 Dcccxx.

1211 845 1426 881 Alexandria
1454 844 1575 881 furtim
1605 846 1777 884 sublatum
1794 877 1804 891 ‚
1829 849 1866 885 &
1898 853 1969 887 Ve-

1211 895 1322 931 netias
1342 896 1528 931 dedue’tum
1552 897 1721 933 traditur.
1749 901 1829 934 Hoc
1850 912 1967 936 autem

1211 946 1434 983 commodum
1473 947 1619 983 Venetis
1656 948 1869 997 praestabant
1904 951 1968 986 do-

1209 996 1346 1032 micilia
1375 997 1579 1042 maritima,
1616 999 1648 1032 8<
1680 998 1842 1041 foedera,
1879 1001 1967 1037 alia-

1208 1060 1274 1094 que
1311 1047 1453 1083 vincula
1490 1061 1567 1084 cum
1606 1051 1748 1085 Graecis
1770 1076 1778 1089 ,
1816 1065 1964 1098 quorum

1209 1099 1389 1134 Dandulus
1415 1099 1505 1134 testis
1531 1099 1631 1135 nobis
1657 1099 1719 1135 est.
1750 1102 1900 1137 Proinde
1927 1102 1965 1137 in

1210 1148 1351 1193 Paetis,
1387 1162 1474 1197 quae
1513 1152 1727 1186 Venetorum
1765 1165 1847 1200 gens
1885 1166 1965 1188 curu

1211 1200 1360 1248 Regibus
1391 1200 1514 1236 Italiae
1545 1211 1604 1237 aut
1632 1202 1796 1250 Augustis
1834 1202 1965 1239 identi-

1206 1250 1283 1286 dem
1313 1253 1530 1296 renovabat,
1566 1252 1632 1287 hoc
1659 1253 1765 1288 etiam
1795 1252 1965 1289 statueba-

1207 1310 1282 1336 tur:
1313 1303 1450 1349 Negotia
1477 1303 1559 1337 inter
1585 1307 1695 1338 Partes
1715 1303 1825 1349 fiunt,
1853 1305 1895 1339 (9⁴
1922 1305 1965 1339 li-

1206 1363 1271 1386 Cssat
1296 1353 1371 1387 dare
1397 1366 1598 1401 quaecumque
1634 1354 1715 1388 inter
1741 1368 1789 1389 205
1816 1368 1965 1390 convene·

1206 1403 1248 1436 rit
1268 1403 1339 1443 fine
1364 1405 1474 1450 aliqua
1500 1405 1656 1438 violentia
1682 1416 1739 1438 aut
1762 1407 1966 1440 contrarieta-

1205 1463 1260 1494 te,
1302 1453 1349 1486 ita
1387 1463 1422 1485 ut
1458 1466 1556 1499 aequa
1593 1453 1725 1487 conditio
1765 1464 1966 1501 utrarumque

1204 1501 1351 1537 Partium
1375 1501 1633 1549 Negotiatorihus
1659 1504 1869 1548 conservetur.
1899 1506 1965 1542 Di-

1206 1554 1322 1601 ploma
1351 1554 1496 1589 ottonis
1525 1556 1570 1590 11.
1598 1554 1747 1603 Augusti
1785 1569 1849 1605 ego
1884 1570 1964 1602 pro-

1204 1603 1272 1639 tuli
1300 1603 1336 1639 in
1365 1604 1569 1652 Appendice
1593 1606 1633 1641 ad
1666 1606 1861 1642 Pleniorem
1892 1609 1965 1643 Ex-

1205 1654 1410 1702 positionem
1431 1656 1566 1698 Jurium
1589 1655 1834 1692 Caesarem-um
1857 1656 1894 1693 &
1916 1660 1964 1693 E-

1204 1704 1358 1739 stenfium
1387 1705 1424 1739 in
1454 1706 1685 1740 Comaclum.
1722 1708 1786 1740 Sed
1816 1707 1962 1743 Venetis

1204 1755 1269 1790 hoc
1296 1753 1385 1789 olim
1413 1753 1494 1790 satis
1521 1768 1591 1790 non
1619 1755 1713 1791 fuit.
1749 1758 1871 1792 Servos
1900 1757 1962 1792 ha-

1204 1807 1281 1841 bere
1308 1806 1342 1840 8<
1371 1805 1602 1848 venumdare,
1637 1818 1707 1841 non
1736 1806 1829 1842 secus
1856 1817 1961 1855 atque

1203 1857 1262 1892 sub
1280 1855 1422 1891 Graecis
1437 1854 1474 1893 ὃ(
1494 1856 1663 1894 Romanis
1679 1855 1856 1905 antiquis,
1876 1867 1961 1895 tune

1203 1917 1275 1943 erat
1295 1906 1331 1942 in
1360 1906 1439 1942 usu.
1468 1909 1521 1942 Ex
1551 1905 1603 1942 his
1629 1907 1691 1943 alii
1712 1918 1809 1943 erant
1831 1908 1961 1945 Ethni-

1203 1958 1235 1995 ci
1253 1985 1264 2002 ,
1292 1956 1382 1996 alii,
1412 1967 1516 2005 atque
1545 1957 1571 1993 ii
1601 1957 1668 1994 fine
1696 1959 1959 2004 comparatione

1204 2011 1338 2057 plures,
1363 2007 1491 2044 Christi
1517 2008 1651 2057 legibus
1677 2008 1826 2045 addieti.
1858 2011 1959 2058 Ago-

1203 2059 1324 2096 bardus
1348 2058 1640 2107 Arcliiepiscopus
1661 2059 1898 2108 Lugdunensis
1921 2060 1958 2096 in

1201 2111 1284 2147 Lib.
1307 2110 1348 2146 de
1372 2109 1559 2147 insolentia
1584 2110 1789 2154 Iudaeorum
1817 2111 1857 2146 ad
1885 2113 1958 2147 Lu-

1201 2161 1365 2197 dovicum
1403 2161 1503 2196 Pium
1533 2161 1749 2209 Augustum,
1783 2175 1957 2208 excoque-

1200 2226 1234 2248 re
1262 2225 1331 2246 non
1362 2220 1525 2259 poterat,
1556 2212 1731 2259 mancipia
1759 2212 1955 2248 Christiana

1198 2278 1214 2298 a
1239 2262 1376 2307 judaeis
1402 2262 1567 2311 Lugduni
1596 2263 1837 2298 habitantibus
1862 2262 1952 2300 emi,

1196 2314 1311 2361 eisque
1347 2313 1497 2348 liberum
1538 2312 1635 2349 fuisse
1669 2313 1842 2360 mancipia
1880 2311 1953 2353 ipsa

1195 2364 1369 2405 Saracenis
1404 2364 1573 2410 Hispanis
1607 2364 1791 2400 divendere
1811 2387 1819 2396 .
1855 2364 1921 2396 Hoc
1941 2390 1952 2406 ‚

1196 2415 1334 2463 inquit,
1353 2415 1431 2460 pasti
1452 2416 1559 2459 sumus
1577 2429 1598 2450 a
1616 2412 1793 2457 fautoribus
1807 2415 1837 2456 J
1840 2419 1953 2446 udaea-

1197 2480 1285 2509 rum‚
1314 2479 1373 2499 non
1400 2468 1436 2500 ab
1462 2467 1574 2508 aliud,
1602 2463 1663 2504 nifi
1688 2463 1763 2509 quia
1785 2463 1953 2509 praediea-

1197 2521 1302 2556 vimu:
1321 2515 1534 2558 Christianis,
1557 2524 1593 2548 ut
1618 2513 1774 2560 mancipia
1795 2514 1837 2547 eis
1857 2513 1953 2546 Chri-

1792 2563 1900 2606 flia-⁸34⁴
