2169 3047
421 224 470 251 22

354 264 418 302 fari
462 225 549 302 eziti
587 263 692 300 fidem
729 262 883 299 faciunt.
921 262 1122 298 Anconitani

355 330 498 365 quoque
525 316 613 352 olim
642 316 688 351 ob
717 325 948 350 mercaturam
970 314 1121 349 celebres

356 367 472 404 suere:
513 378 655 416 propter
695 366 789 414 quod
827 365 919 400 inter
954 377 1039 408 eos,
1081 362 1119 400 &

356 420 513 455 Venetos
536 417 726 454 fimultates
747 430 785 453 ac
807 417 898 452 bella
918 429 989 452 non
1014 414 1119 450 semel

353 468 572 506 intercessere
587 496 596 505 .

405 523 452 556 Et
481 520 559 556 sane
586 520 691 567 quam
721 518 859 554 solicite
888 518 1012 554 Italica
1035 529 1118 566 gens

353 570 464 607 etiam
493 570 718 607 antecedente
739 569 883 604 Saeculo
905 570 966 604 XI.
987 581 1117 603 merca-

352 631 452 657 turae
479 633 619 669 operam
648 619 805 662 dederit,
833 618 1008 654 indicabit
1032 618 1116 662 Epi-

352 671 438 707 stola
468 671 612 719 quin5³m
654 671 734 706 Lib.
764 682 795 705 2.
834 669 999 718 Gregorii
1035 670 1118 703 VII.

349 723 507 759 Romani
531 720 715 757 Pontificis
737 721 777 756 ad
800 719 988 765 Episcopos
1011 723 1118 755 Fran-

351 785 474 808 eorum
489 799 498 816 ,
523 772 651 820 scripta
670 774 778 807 Anno
798 773 992 807 MLxxv.
1015 772 1116 807 Prae-

351 831 407 858 ter
434 823 504 858 alia
532 822 652 871 gravia
681 822 830 865 crimina
848 850 858 868 ,
886 836 974 871 quae
1001 821 1031 858 is
1058 835 1118 858 eo—

351 886 430 909 rum
462 875 550 921 Regi
587 873 739 922 objicit,
777 873 843 909 hoc
879 874 916 909 in
953 886 1025 909 rem
1054 886 1117 908 no-

352 923 455 960 stram
487 924 725 960 adnotandum
753 923 799 959 est
817 951 826 960 .
864 925 956 972 ‚Quin
995 925 1091 958 etiam
1109 952 1118 967 ,

350 973 428 1018 ait,
457 975 709 1018 Mercatoribus,
739 975 793 1021 qui
817 978 857 1010 de
883 975 990 1010 multis
1018 986 1113 1009 terra—

351 1037 422 1058 rum
445 1025 594 1069 partibus
622 1029 665 1060 ad
693 1028 809 1060 Forum
837 1027 993 1072 quoddam
1021 1025 1117 1072 (hoc

352 1074 420 1119 est,
448 1077 492 1109 ad
517 1089 580 1110 una
609 1077 734 1122 Fiera)
777 1077 809 1110 in
848 1078 986 1111 Francia
1022 1087 1120 1120 nuper

351 1135 581 1168 convenerant,
618 1127 699 1171 quod
735 1125 865 1160 antebac
899 1142 919 1161 a
956 1130 1043 1174 Rege
1064 1127 1119 1170 sa-

351 1175 436 1209 Rum
462 1174 551 1221 fuxffe
579 1189 631 1210 nec
657 1175 691 1210 in
714 1175 836 1220 sabulis
863 1177 1014 1222 refertur,
1041 1191 1121 1213 more

351 1226 521 1273 praedonis
559 1225 721 1271 infinitam
759 1227 924 1274 pecuniam
965 1228 1121 1270 abstulit.

356 1278 483 1324 Neque
512 1276 589 1312 heic
618 1278 737 1313 stetere
771 1291 834 1326 pro
861 1280 1120 1316 Mercatoribus

351 1326 493 1362 Italicis
522 1341 540 1362 a
568 1327 711 1363 Gallico
741 1331 833 1377 Rege
861 1330 1027 1373 expilatis
1053 1330 1118 1366 im—

353 1377 535 1425 perterriti
583 1378 765 1414 Pontificis
803 1380 988 1426 querelae.
1029 1381 1121 1416 Vide

353 1429 387 1463 ἃ
418 1429 562 1463 alteram
590 1428 805 1476 Epistolam,
833 1442 958 1477 nempe
985 1433 1120 1465 XVIII.

351 1479 438 1525 Lib.
477 1490 509 1514 2.
551 1479 673 1514 eodem
718 1482 826 1515 Anno
863 1489 1040 1516 exaratam
1079 1481 1119 1515 ad

351 1528 591 1565 Guilielmum
620 1530 802 1566 Comitem
842 1530 1118 1568 Piaaviensem.

351 1578 437 1616 Illic
466 1580 558 1614 enim
588 1580 848 1627 querimoniam
882 1581 989 1630 ipsam
1020 1582 1118 1618 refri-

353 1642 437 1664 cans
479 1628 573 1664 idem
617 1630 760 1668 Sanfflus
810 1632 1027 1681 Gregorius,
1078 1633 1120 1670 de

355 1682 572 1715 Francorum
598 1683 689 1730 Rege
710 1682 747 1719 in
768 1683 852 1720 haec
874 1684 978 1720 verba
998 1684 1116 1720 dolet:
1152 1684 1153 1687 ’

356 1732 453 1766 Adeo
480 1731 603 1777 Regiae
629 1734 801 1779 dignitatis
824 1735 1005 1782 posthabuit
1031 1749 1118 1770 vere-

354 1780 525 1824 cundiam,
554 1793 589 1816 ut
614 1785 761 1819 avaritia
785 1788 891 1831 petias
915 1786 1120 1831 inflamman-

355 1841 409 1874 te,
437 1833 530 1878 quam
552 1834 672 1867 ratione
690 1835 800 1881 aliqud
822 1838 980 1882 posteram,
1008 1837 1123 1873 Italiae

357 1883 597 1928 Negotiatores,
624 1884 680 1931 qui
705 1887 748 1920 ad
766 1897 869 1932 partes
887 1888 1007 1929 vestras
1025 1901 1121 1922 vene-

356 1942 455 1977 rant,
492 1933 703 1978 depraedatus
735 1936 852 1980 suerit.
894 1939 947 1972 En
984 1951 1054 1985 quo
1084 1939 1121 1975 in

356 1983 440 2018 loco
467 1992 552 2020 tunc
579 1985 660 2020 effet
689 1987 896 2024 Italicorum
929 1988 1095 2026 industria
1112 2016 1121 2031 ,

356 2032 530 2081 :simulque
571 2045 709 2072 exterae
751 2039 865 2086 gentis
907 2052 986 2088 erga
1036 2040 1119 2077 illos

356 2083 551 2131 iniquitas.
582 2089 665 2123 Non
692 2087 842 2132 dispares
870 2089 1026 2134 scaenas,
1064 2091 1119 2128 sed

356 2133 537 2172 subtiliori
578 2149 651 2174 arte
685 2138 919 2184 -substruEias,
959 2152 1118 2188 tempora

357 2197 500 2233 quoque
543 2188 652 2224 nostra
691 2189 907 2237 spefi‘iarunt.
948 2192 1054 2238 Quod
1096 2193 1119 2229 fi

358 2233 443 2271 fides
486 2235 722 2276 Constantino
767 2242 939 2285 Caietano
983 2244 1119 2281 Abbati

359 2286 503 2323 Ordinis
532 2290 650 2326 sanffi
677 2292 857 2329 Benediffi
878 2292 1032 2330 habenda
1052 2295 1118 2335 est,

360 2337 466 2386 primi
498 2339 612 2377 Pisani
642 2341 756 2387 fuere,
793 2343 854 2391 qui
890 2358 1030 2393 operam
1058 2345 1118 2381 de-

360 2387 509 2440 derunt,
548 2403 585 2429 ut
609 2395 734 2441 quando
769 2397 865 2432 Mare
899 2397 999 2432 nullis
1023 2407 1118 2434 antea
1143 2368 1149 2436 l

723 202 1133 259 ΑΝῊῼΠῙΥ.
1185 204 1419 248 MEDII
1466 209 1648 250 AAEVJ

1857 216 1940 256 228

1166 266 1200 300 A
1235 265 1355 312 legibus
1381 266 1619 313 navigabatur,
1655 268 1746 303 certis
1781 270 1816 304 in
1849 272 2000 318 posterum

1236 315 1304 358 eius
1340 318 1507 364 navigatio
1543 323 1742 355 coerceretur.
1780 320 1834 356 Ita
1871 322 1933 359 ille
1961 323 2000 360 in

1238 366 1345 402 Notis
1373 369 1413 403 ad
1444 369 1566 405 Vitam
1603 369 1732 407 Gelafii
1770 373 1816 407 11.
1859 374 1998 421 Papae,

1236 419 1343 453 Tom.
1373 420 1437 456 111.
1466 433 1540 468 pag.
1557 434 1642 468 402.
1667 424 1744 457 Rer.
1768 421 1971 460 Italicarum
1987 451 1998 461 .

1238 470 1404 505 Probatas
1433 474 1514 506 vero
1542 471 1640 508 fazffe
1668 473 1727 508 has
1764 474 1856 522 leges
1888 476 1998 510 Anno

1236 520 1430 556 MLXXV.
1477 535 1496 556 a
1536 522 1780 570 supralaudato
1821 525 1997 574 Gregorio

1237 571 1394 617 Septimo
1422 570 1514 606 idem
1543 573 1676 608 tradit:
1708 573 1762 609 sed
1790 587 1895 621 quam
1923 590 2000 612 cer-

1237 621 1283 656 tis
1303 620 1452 656 Tabulis
1481 621 1494 668 (
1513 623 1626 657 nullas
1646 622 1740 658 enim
1761 625 1909 673 laudat)
1935 626 1998 662 ille

1237 670 1387 711 viderit.
1427 674 1555 708 Earum
1594 677 1676 709 vero
1705 675 1868 722 Legum,
1909 688 1998 722 quae

1238 722 1362 758 italice
1398 723 1422 757 il
1457 723 1620 766 consolato
1659 725 1711 759 del
1741 727 1836 759 Mare
1876 724 2000 762 inscri-

1237 773 1394 816 buntur,
1422 775 1586 810 meminit
1610 774 1648 810 in
1676 775 1781 823 Epist.
1809 774 1850 811 de
1878 778 1998 813 Veter.

1237 822 1350 859 Pisan.
1378 824 1527 861 Constit.
1557 827 1613 860 Cl.
1643 828 1687 861 V.
1727 828 1884 861 Domnus
1913 827 1998 862 Vir-

1235 874 1351 921 ginius
1376 874 1601 911 Valsecchius
1626 875 1825 911 Monachus
1849 877 1998 913 Benedi-

1235 924 1376 967 &inus‚
1418 924 1455 960 in
1491 925 1681 970 Gymnafio
1711 926 1837 961 Pisano
1865 926 1998 964 Hlstor.

1235 975 1487 1012 Ecclesiasticae
1517 975 1710 1019 Professor,
1747 976 1870 1023 easque
1897 977 2001 1013 testa-

1234 1035 1292 1061 tur
1318 1027 1455 1074 egregie
1482 1028 1675 1075 explicatas
1695 1027 1875 1074 Opusculo
1897 1028 1996 1064 edito

1233 1084 1313 1111 ante
1343 1090 1468 1124 paucos
1497 1091 1603 1113 annos
1632 1091 1650 1112 a
1686 1077 1835 1125 Josepho
1878 1078 1996 1115 Maria

1233 1127 1421 1175 Casaregio
1462 1127 1713 1170 Iurisconsulto
1751 1128 1995 1174 praestantiffi-

1201 1217 1203 1224 Ι
1234 1190 1312 1214 mo.
1351 1177 1573 1214 Potissimum
1612 1180 1693 1214 vero
1733 1178 1773 1213 ad
1802 1178 1995 1215 fovendum

1232 1242 1270 1264 ac
1299 1229 1586 1274 amplificandum
1617 1228 1785 1264 mercium
1815 1243 1853 1264 ac
1880 1242 1997 1265 rerum

1233 1281 1410 1316 venalium
1440 1279 1690 1316 commercium
1716 1279 1870 1315 exarsere
1892 1279 1998 1315 Itali-

1232 1344 1352 1366 corum
1380 1331 1515 1371 animi,
1543 1331 1719 1378 postquam
1751 1332 1946 1378 complures
1975 1343 1994 1366 e

1230 1381 1452 1418 Civitatibus
1498 1384 1621 1418 Seculo
1663 1382 1743 1416 XII.
1779 1381 1816 1417 in
1847 1381 1994 1416 liberta-

1231 1441 1302 1468 tem
1331 1432 1398 1468 sese
1426 1433 1679 1478 vendicarunt3
1709 1429 1876 1477 nusquam
1899 1431 1996 1466 enim

1232 1483 1358 1517 melius
1379 1483 1423 1516 est
1445 1485 1665 1516 Mercaturae
1692 1482 1796 1527 quam
1825 1481 1862 1515 in
1891 1481 1999 1516 Civi-

1231 1531 1364 1568 tatibus
1401 1531 1546 1572 liberis,
1582 1532 1614 1566 8<
1659 1529 1887 1571 Reipublicae
1925 1530 1998 1567 for-

1233 1596 1325 1619 mam
1349 1581 1639 1619 custodientibus.
1668 1583 1772 1617 Tunc
1800 1595 1882 1630 ergo
1905 1582 1998 1617 mul-

1161 1627 1194 1660 D
1232 1634 1279 1670 tis
1299 1634 1335 1670 in
1356 1634 1445 1669 locis
1473 1634 1627 1670 invaluit
1650 1646 1725 1668 mos
1753 1632 1891 1668 creandi
1912 1636 1997 1667 Con-

1227 1686 1312 1730 sules
1338 1687 1570 1723 Mercatorum‚
1599 1684 1660 1730 qui
1689 1684 1722 1718 &
1752 1684 1863 1719 adhuc
1885 1683 1997 1719 alicu-

1233 1735 1268 1769 bi
1306 1735 1487 1781 perdurat.
1529 1736 1648 1768 Multa
1689 1743 1762 1768 erat
1805 1733 1997 1769 auffioritas

1230 1783 1400 1833 ejusmodi
1428 1796 1570 1818 munere
1598 1782 1824 1830 fungentibus
1854 1791 1928 1817 tum
1953 1782 1995 1818 ad

1232 1834 1509 1883 componendas,
1535 1842 1594 1869 aut
1620 1833 1832 1869 dirimendas
1856 1835 1994 1869 Merca-

1232 1896 1349 1922 torum
1377 1885 1486 1928 lites,
1523 1893 1598 1920 tum
1638 1883 1743 1919 etiam
1775 1884 1814 1918 ad
1845 1884 1995 1931 punien-

1231 1937 1292 1973 dos
1328 1935 1560 1984 quorumdam
1597 1934 1786 1970 criminum
1825 1948 1922 1977 reos,
1959 1934 1995 1970 ὃς

1232 1987 1274 2024 ad
1301 1987 1437 2024 foedera
1465 1986 1573 2023 etiam
1602 1999 1678 2022 cum
1709 1985 1840 2021 exteris
1869 1987 1995 2021 ineun-

1232 2039 1294 2074 da.
1336 2039 1482 2075 Nullam
1510 2051 1575 2085 ego
1603 2036 1841 2084 antiquiorem
1869 2037 1911 2072 de
1938 2034 1995 2072 his

1233 2089 1439 2126 memoriam
1483 2088 1648 2124 haetenus
1689 2086 1836 2128 inveni,
1886 2099 1994 2131 quam

1233 2154 1320 2188 quae
1348 2140 1436 2176 mihi
1465 2139 1620 2175 occurrit
1647 2138 1683 2175 in
1706 2137 1846 2174 vetustis
1873 2138 1994 2174 Libris

1233 2191 1347 2228 MStis
1375 2190 1562 2227 adservatis
1591 2189 1628 2226 in
1659 2188 1819 2225 Archivo
1847 2191 1991 2225 Senatus

1233 2242 1461 2279 Mutinenfis.
1490 2244 1613 2290 Longe
1632 2250 1748 2277 tamen
1771 2249 1870 2276 antea
1892 2240 1992 2276 adin-

1233 2303 1378 2330 ventum
1407 2293 1505 2329 fuisse
1523 2305 1641 2329 eorum
1671 2305 1796 2328 munus
1821 2291 1991 2328 arbitror.

1233 2347 1287 2383 En
1314 2358 1397 2395 ergo
1422 2345 1578 2383 Tabulas
1605 2342 1844 2383 Mutinenses.

1839 2591 1945 2631 Pasta
