2169 3047
406 202 487 242 711
755 187 1130 245 ANTIQUIT.
1170 188 1382 234 MEDu
1417 189 1580 233 AEVJ
1838 209 1920 249 712

395 244 478 279 sunt
517 246 649 293 Abeie,
690 246 775 283 idest
816 248 916 282 nobis
957 248 1108 283 Abecbe.
1141 249 1177 285 A

382 297 486 331 rl-loc‘
507 307 646 338 autem,
675 311 782 345 aeque
809 311 847 333 ac
875 298 1004 332 Peccbia
1031 300 1107 334 Tu-

395 345 555 393 scorum,
584 363 625 385 ex
663 350 807 394 Apicula
843 349 977 385 Latino
1004 348 1107 385 effor-

397 409 531 435 matum
561 399 649 436 fuit.

346 448 493 486 Blando.
532 452 680 491 Flavus,
717 452 944 487 Fla-Dicamus.
981 452 1105 487 Assen-

396 501 527 544 riatur,
556 502 616 548 qui
646 502 755 544 velit,
781 503 952 550 Menagio
979 512 1103 550 putan-

395 551 452 594 ti,
490 561 549 587 aut
587 552 627 586 ab
664 554 795 595 Albus,
833 554 999 593 Albitius,
1030 553 1103 587 Bli-

391 604 453 637 dus
480 601 561 639 &a
589 611 650 636 aut
677 615 695 637 a
724 603 871 636 Blandus
907 602 1101 651 profefstum

391 650 491 686 fuiffe
520 653 661 687 Biondo.
688 654 727 687 In
757 652 848 689 hisce
876 654 951 689 veri
979 653 1100 689 fimili-

391 702 477 737 tudo
507 702 641 751 prorsus
669 703 898 745 defideratur,
924 704 975 740 uti
1001 705 1035 739 8<
1064 705 1101 740 in

390 753 560 801 opinione
589 754 760 798 Ferrarii,
785 755 847 802 qui
874 756 916 790 ab
941 756 1100 800 Apluda,

390 814 622 852 purgamento
650 804 745 840 milii
773 806 805 840 &
845 806 983 853 panici,
1012 805 1100 842 hanc

390 866 514 891 vocem
533 856 689 891 derivat.
710 858 764 891 Ex
782 856 993 892 Germanica
1011 858 1100 893 Lin—

389 918 456 954 gua
486 907 631 954 petenda
658 907 703 942 est
731 907 895 943 vocabuli
932 908 1034 953 hujus
1060 921 1100 942 o-

388 955 492 1003 rigO.
533 958 650 993 Habet
685 958 780 993 enim
817 959 881 994 illa
924 959 1030 993 Blond
1066 960 1098 993 8<

389 1008 533 1043 Blande.
559 1009 753 1044 saxonibus
777 1011 921 1044 Blonden
947 1009 1099 1058 appella-

388 1065 447 1092 tur
483 1058 647 1103 TinHus,
685 1060 844 1104 Infestus,
881 1060 974 1107 quod
1010 1059 1099 1094 olim

388 1108 537 1154 capillos
574 1109 776 1156 tingerent,
813 1119 852 1144 ut
889 1111 926 1144 in
969 1108 1097 1143 flavum

389 1157 543 1192 colorem
573 1168 838 1194 converrerent.
880 1159 964 1194 Inde
991 1159 1098 1194 etiam

385 1207 566 1243 Gallicum
605 1210 732 1244 Blond.
770 1211 873 1245 Hanc
911 1211 1090 1255 Etymolo-

385 1258 480 1306 giam
512 1268 612 1294 antea
653 1260 816 1295 viderunt
844 1262 877 1295 ὃς
910 1263 1099 1308 probarunt

386 1308 579 1345 doffriffimi
599 1309 670 1346 viri
697 1309 954 1358 Du-Cangius,
975 1312 1008 1345 ὅ(
1030 1312 1094 1346 Hi—

387 1359 544 1395 ckefius.

336 1409 461 1444 Bircio.
491 1411 560 1456 ραι·
586 1410 772 1452 transversis
801 1410 896 1444 oculis
925 1410 1072 1456 conspicit
1084 1425 1102 1454 ,·

386 1463 501 1495 Strabo
524 1461 684 1496 Latinis.
712 1460 899 1508 Menagius
922 1470 1020 1509 putat
1041 1461 1082 1497 de

385 1510 541 1545 rivatum
564 1525 581 1545 e
604 1511 738 1550 Varius,
761 1512 925 1550 Varicius,
948 1514 1099 1556 maius,

386 1562 529 1599 Vin-lus,
562 1562 706 1596 Rsrcius.
744 1561 807 1597 Sed
846 1561 929 1597 haec
967 1564 1099 1598 nullius

384 1610 513 1657 pretii.
554 1611 651 1647 Mihi
682 1611 803 1659 ignota
841 1612 938 1648 vocis
973 1614 1097 1662 origo.

384 1660 449 1697 Ista
479 1670 596 1698 tamen
625 1662 714 1698 mihi
743 1663 781 1698 in
816 1673 969 1699 mentem
999 1678 1100 1700 revo—

385 1721 443 1748 cat
473 1713 627 1762 Vergilii
656 1713 792 1750 versum
820 1715 944 1764 Eclog.
974 1717 1039 1751 111.

437 1814 598 1849 Novimus
637 1815 684 1853 &¹
711 1816 781 1862 qui
822 1827 852 1851 te
868 1840 879 1856 ,
922 1817 1101 1863 transversa

487 1865 648 1901 tuentibus
681 1866 794 1902 hircis.

387 1965 466 2003 Ubi
496 1981 557 2016 pro
586 1968 693 2003 Hirct's
720 1968 884 2004 nonnulli
914 1969 1099 2018 legendum

387 2027 514 2066 putant
543 2021 698 2065 Hirquis‚
723 2019 845 2055 Servio
873 2019 949 2063 ipso
977 2020 1099 2057 testan—

386 2075 444 2111 te,
473 2083 516 2105 ex
545 2069 754 2105 auE‘toritate
792 2070 953 2107 Suetonii
984 2073 1100 2107 Tran-
1160 2069 1162 2071 ¹

386 2119 516 2165 quilli,
547 2121 683 2167 Hirquos
718 2119 773 2166 effe
808 2122 962 2155 oculorum
996 2136 1099 2168 angu-

386 2169 456 2204 los.
489 2172 674 2206 Strabones
697 2170 900 2207 -transversa
938 2179 1098 2209 tuentur.

387 2220 485 2255 Num
514 2233 596 2270 ergo
624 2222 732 2256 Βὶνσὶο
759 2235 802 2258 ex
831 2223 1003 2269 Hirquus?

336 2271 536 2307 Birracchio.
576 2272 705 2307 Vitulus
741 2286 759 2308 a
787 2271 901 2322 primo
939 2287 1030 2309 anno
1058 2288 1098 2310 u-

386 2321 468 2369 sque
510 2321 551 2358 ad
592 2322 802 2359 secundum.
845 2323 1013 2371 Apoofize
1055 2325 1097 2361 ad

385 2371 478 2407 hunc
503 2374 620 2410 locum
647 2375 749 2410 verba
774 2373 862 2410 Festi
890 2373 1020 2410 adferre
1041 2375 1097 2410 vi-

386 2422 488 2459 detur
530 2425 736 2474 Menagius:
778 2428 917 2460 Burrum
953 2427 1097 2460 dicebant

385 2474 532 2521 antiqui,
561 2478 640 2522 quod
676 2490 756 2511 nune
790 2475 923 2512 dicimus
953 2476 1094 2520 Rufum.

386 2527 478 2575 Unde
510 2526 636 2571 Rustici
671 2531 811 2563 Burrum
845 2527 1010 2576 appellant
1038 2528 1097 2563 bu-
1123 2562 1126 2565 .

1269 251 1391 291 culam,
1415 264 1492 298 quae
1516 251 1643 294 rostrum
1667 252 1759 286 habet
1785 252 1906 293 rufum.
1931 254 1978 286 E-

1270 314 1315 349 go
1342 315 1411 337 non
1446 302 1556 346 Festi,
1585 301 1639 338 sed
1678 302 1793 338 Paulli
1826 302 1978 338 Diaconi

1269 355 1374 388 verba
1400 353 1482 388 haec
1510 363 1617 401 puto,
1639 354 1735 402 cujus
1761 353 1980 388 additamen-

1269 410 1305 438 ta
1333 405 1373 438 ad
1400 403 1487 439 Festi
1513 405 1641 440 Libros
1666 404 1843 440 interdum
1874 403 1978 438 video

1269 466 1287 488 a
1314 453 1427 489 ἀοδῖἰς
1456 455 1542 490 viris
1576 454 1708 490 laudari
1748 454 1806 490 sub
1835 455 1979 489 nomine

1268 504 1376 539 Festi.
1406 505 1469 539 Sed
1497 504 1574 540 heic
1603 505 1768 549 confisto,
1796 518 1834 540 ac
1862 505 1978 540 liben-

1269 562 1324 589 ter
1347 564 1499 602 peterem
1522 568 1540 589 a
1567 556 1690 589 Paullo
1706 582 1715 597 ‚
1737 568 1797 589 cur
1823 568 1893 590 non
1916 569 1978 602 po-

1268 604 1340 639 tius
1378 604 1497 640 Vituli
1539 614 1618 639 ante
1655 617 1783 639 annum
1823 606 1978 652 comple-

1267 662 1343 690 tum
1371 656 1470 689 Burri
1494 654 1626 690 fuerint
1651 654 1866 703 nuncupati?
1895 664 1978 690 tunc

1266 705 1361 740 enim
1402 705 1582 753 plusquam
1619 705 1691 741 alio
1729 716 1887 753 tempore
1920 719 1979 741 ru-

1266 754 1338 791 fum
1367 759 1520 792 colorem
1550 756 1767 800 praeferunt,
1790 757 1823 791 &
1848 769 1977 792 annum

1266 808 1417 853 primum
1449 807 1667 855 supergreffi‚
1696 808 1805 843 alium
1834 807 1978 842 induere

1265 856 1398 893 solent.
1421 858 1556 893 Deinde
1579 871 1639 893 cur
1659 861 1797 892 Buculas
1821 867 1980 893 tantum-

1266 908 1372 943 modo
1385 935 1394 951 ,
1416 908 1543 950 rostrum
1563 908 1666 951 rufum
1688 909 1851 942 habentes
1863 932 1873 947 ‚
1892 911 1979 941 Bur-

1265 970 1317 993 ras
1354 960 1544 1007 appellatas
1587 957 1660 993 ait?
1699 958 1805 1004 Quod
1843 968 1977 994 certum

1265 1019 1371 1056 puto,
1402 1023 1420 1045 a
1460 1009 1669 1046 Lombardis
1710 1010 1863 1045 didicere
1900 1010 1977 1044 Tu—

1264 1058 1312 1093 sci
1342 1073 1469 1096 nomen
1503 1061 1702 1104 Birraccbio‚
1732 1060 1834 1096 nobis
1872 1059 1976 1095 fami-

1263 1108 1371 1150 liare,
1400 1110 1481 1145 dum
1512 1112 1656 1145 Vitulos
1681 1110 1850 1158 ejusmodi
1879 1123 1978 1145 com-

1263 1159 1376 1208 plures
1405 1174 1423 1195 a
1462 1161 1672 1196 Lombardis
1710 1170 1851 1196 emunt.
1891 1160 1978 1196 Veri

1262 1220 1378 1246 autem
1408 1210 1518 1247 fimile
1547 1211 1611 1255 est,
1640 1212 1728 1246 olim
1760 1211 1901 1247 rusticos
1929 1224 1973 1246 ex

1262 1270 1349 1312 Ruso
1377 1272 1515 1314 colore,
1544 1269 1603 1318 qui
1642 1263 1855 1317 Πυῤῥῖχος,
1889 1269 1973 1305 idest

1262 1320 1452 1364 Pyrrh-hus,
1479 1320 1535 1354 seu
1561 1320 1753 1358 Purrichus,
1780 1321 1974 1359 Burricbus,

1262 1381 1280 1403 a
1318 1370 1461 1404 Graecis
1499 1368 1652 1413 dicitur,
1685 1381 1812 1404 nomen
1849 1370 1975 1406 dediffe

1263 1419 1400 1454 Vitulis
1429 1419 1579 1455 adultis.
1619 1419 1799 1455 Salmasius
1836 1433 1976 1469 quoque

1262 1470 1302 1504 ad
1332 1468 1465 1506 Carum
1495 1469 1532 1506 &
1561 1469 1734 1506 Carinum
1764 1471 1908 1518 Vopisci
1936 1485 1977 1507 o-

1263 1520 1403 1568 pinatus
1445 1521 1515 1566 est,
1555 1523 1674 1568 Equos
1717 1521 1893 1557 breviores
1934 1523 1976 1558 ab

1263 1571 1383 1606 eodem
1424 1574 1541 1608 colore
1577 1585 1705 1607 nomen
1743 1573 1888 1607 Burrichi
1922 1587 1977 1609 re·

1263 1623 1399 1658 tuliffe.
1430 1625 1554 1672 Neque
1588 1636 1743 1672 regens,
1774 1624 1974 1671 Birraccbiq‚

1263 1685 1333 1707 non
1362 1674 1528 1716 Birricho‚
1559 1673 1614 1709 seu
1646 1674 1825 1716 Birrichio,
1854 1676 1974 1722 appel-

1262 1723 1327 1759 lari
1357 1726 1523 1760 Vitulum
1562 1725 1721 1773 bimumg
1755 1738 1834 1759 nam
1873 1725 1909 1760 &
1938 1738 1975 1759 a-

1263 1782 1329 1831 pud
1356 1785 1506 1819 Graecos
1535 1784 1571 1818 in
1600 1782 1659 1818 usu
1689 1783 1756 1817 suit
1784 1778 1974 1832 Πυῤῥοικης

1263 1856 1324 1891 pro
1366 1835 1574 1890 Πυρῥῖχος.
1612 1844 1658 1877 Et
1687 1833 1881 1889 Πυρῥοὶκης
1918 1843 1974 1878 di-

1262 1893 1354 1929 citur
1385 1893 1523 1936 David,
1556 1892 1639 1928 idest
1676 1893 1803 1935 Rufus,
1835 1892 1912 1928 Lib.
1946 1895 1972 1929 I.

1262 1942 1352 1992 Cap.
1386 1947 1441 1979 16.
1472 1942 1554 1979 vers.
1587 1955 1643 1979 12.
1677 1945 1832 1992 Regum.
1863 1942 1973 1979 Dein-

1263 2003 1304 2039 de
1332 2017 1350 2039 a
1377 1994 1511 2050 Πυῤῥδς
1549 2002 1806 2038 diminutivum
1846 2006 1971 2046 Byrru-

1263 2054 1393 2096 chulus,
1423 2052 1487 2088 hoc
1516 2053 1560 2090 est
1591 2055 1792 2094 Birracchio.
1820 2053 1973 2090 saeculis

1264 2103 1452 2142 barbaricis
1481 2105 1656 2142 efformari
1686 2104 1824 2154 potuit.

1213 2171 1388 2206 Bisbetico.
1418 2169 1656 2211 Phantaslicus.
1694 2172 1775 2206 Vox
1805 2168 1971 2217 Menagio

1263 2221 1471 2259 insalutata.
1501 2221 1653 2257 Fortasse
1681 2220 1870 2263 composita
1897 2231 1968 2254 vox

1263 2286 1281 2310 e
1311 2271 1442 2309 Latino
1468 2272 1528 2306 Bis
1553 2274 1586 2307 δ(
1619 2272 1744 2312 Bestia.
1773 2269 1884 2307 Nobis
1910 2281 1970 2315 ap-

1263 2324 1415 2373 pellatur
1443 2325 1536 2359 Uomo
1564 2323 1720 2366 Bestiae,
1747 2320 1808 2368 qui
1842 2318 1970 2354 feroci&

1262 2375 1410 2423 quadam
1437 2373 1686 2410 inconsiderata
1709 2371 1800 2418 agit.
1828 2368 1881 2405 Ita
1907 2369 1970 2416 qui

1262 2425 1299 2462 in
1328 2425 1416 2461 iram
1445 2423 1513 2461 fine
1540 2425 1674 2460 ratione
1705 2420 1879 2468 erumpit,
1909 2421 1970 2455 Bis

1262 2476 1372 2518 Bestia
1400 2477 1591 2522 appellatus
1619 2471 1779 2510 videtur,
1805 2484 1843 2507 ac
1870 2470 1970 2507 dein-

1262 2526 1304 2563 de
1331 2526 1506 2562 Bishm'cus
1532 2522 1689 2558 Bisbetico
1714 2521 1862 2560 evaserit
1878 2547 1888 2556 .
1915 2521 1969 2558 Ita

1789 2582 1919 2610 retine—
