2169 3047
399 225 480 272 6:27

386 288 516 311 novere
558 276 746 322 Romani,
792 290 968 324 nunquam
1011 279 1094 313 verb

388 326 566 362 Urbicium.
595 327 667 362 Vix
697 336 812 363 autem
842 328 1004 368 fallatur,
1031 327 1094 376 qui
1118 342 1119 345 ¹

384 377 429 413 ab
459 378 553 413 Urbe
579 379 748 423 Apmnb,
777 380 907 414 Seculis
942 379 1092 414 barbari-

386 428 437 464 cis
466 428 574 467 nord,
612 442 738 464 nomen
775 430 927 465 inditum
957 430 1093 478 regioni

386 477 485 515 fuisse
521 478 710 527 opinetur,
747 480 838 527 quod
876 483 993 527 Caput
1030 481 1092 516 ali-

385 529 527 578 quando
572 529 779 564 Provinciae
823 529 927 566 fuerit
948 558 956 566 .
1001 533 1091 566 Nam

387 580 442 616 uti
471 594 512 616 ex
547 578 706 615 Civitate
744 581 928 624 fori-sulii
964 582 1093 616 nobilis

387 630 579 666 Provincia
616 642 707 665 nunc
735 630 844 664 Friuli
881 632 1004 666 Italice
1034 645 1083 678 ap-

387 681 548 729 pellata,
587 693 713 715 nomen
755 681 917 726 accepit:
959 683 1007 717 ita
1050 696 1091 718 ex

386 731 566 779 Aprutinfi
593 729 757 766 Civitate
785 731 935 779 subjecta
955 732 987 768 ei
1011 735 1091 768 Pro-

385 782 506 817 vincia
542 783 740 829 Aprutium,
778 785 935 828 Abruzzo
976 785 1090 828 appel-

385 832 452 868 lari
480 841 603 880 coepta
631 832 695 868 est.
732 834 895 880 Aprutii,
933 832 970 869 ὃ(
1008 834 1091 882 Epi-

384 882 480 930 scopi
509 883 561 919 ibi
590 883 847 924 constituendi,
885 883 1021 919 mentio
1048 885 1092 920 est

384 933 422 970 in
468 934 611 979 Epistol.
657 947 711 970 12.
750 935 829 970 Lib.
877 946 932 970 12.
976 935 1091 971 Sancffi

387 984 550 1032 Gregorii
580 984 706 1034 Magni
738 987 867 1032 Papae,
896 994 933 1021 ut
962 987 1029 1021 alia
1054 1000 1091 1020 0-

386 1035 558 1072 mittam.
597 1038 701 1072 Nunc
738 1035 830 1072 idem
863 1036 960 1072 locus
996 1035 1093 1072 fuiffe

388 1086 562 1131 creditur,
587 1096 690 1133 atque
713 1089 893 1122 Interamna
913 1096 1093 1130 veterum,

387 1139 519 1172 Teramo
535 1164 546 1181 ,
573 1137 765 1172 nostrorum
793 1147 990 1184 temporum
1008 1163 1017 1172 .

336 1186 550 1227 Accontarst‘.
588 1187 764 1231 Nuncisci,
800 1187 974 1232 Congredi.
1013 1189 1093 1222 Vox

389 1237 458 1285 jam
488 1236 691 1284 antiquata.
719 1236 923 1272 Utebantur
949 1238 982 1272 8<
1010 1238 1092 1272 Gal-

387 1287 441 1334 1i;
480 1286 533 1323 sed
562 1289 594 1322 ἃ
624 1287 712 1335 apud
741 1301 798 1322 eos
835 1287 1003 1323 evanuit.
1042 1290 1095 1322 Da

388 1341 514 1377 Contu,
549 1338 600 1372 che
635 1339 709 1372 vale
745 1338 910 1380 Intrt'nseco
945 1351 960 1371 e
986 1337 1091 1380 Confi-

388 1389 500 1431 dente,
537 1389 587 1422 che
615 1388 706 1421 viane
732 1389 774 1422 da
803 1388 981 1433 Cognisus,
1018 1388 1092 1421 Ad-

388 1439 550 1485 cogm'tus,
578 1441 718 1473 ,Ammo
745 1441 940 1479 Acconrare,
977 1436 1096 1483 inquit

387 1488 601 1536 Menagius.
630 1488 799 1522 Fallitur.
839 1487 948 1522 Nulla
976 1486 1020 1521 est
1048 1485 1098 1522 af—

389 1540 509 1575 finitas
537 1538 629 1573 inter
656 1538 831 1584 Cognitum,
861 1536 897 1573 ἃ
923 1541 1094 1572 Accontar-

382 1590 436 1632 fi.
467 1589 699 1623 Efformatum
739 1588 877 1624 videtur
915 1587 982 1623 hoc
1020 1601 1095 1623 ver-

390 1641 472 1675 bum
501 1652 543 1674 ex
571 1639 793 1674 Alcomitari.
824 1641 927 1674 Nunc
948 1637 1098 1673 dicimus

388 1689 677 1737 Acompagnarfi.
716 1689 884 1725 Detraffio
922 1690 947 1724 I.
994 1688 1098 1724 evafit

389 1741 580 1777 Adcomtari
600 1768 609 1784 ,
665 1754 702 1776 ac
745 1740 882 1776 tandem
926 1743 1100 1775 Accontare

391 1790 430 1827 ἃ
458 1791 661 1831 Accontarfi.
693 1791 794 1826 Addo
820 1791 908 1838 apud
935 1805 995 1826 nos
1017 1794 1098 1825 Con-

390 1853 422 1875 to
453 1841 598 1890 minime
627 1840 817 1889 significare
845 1841 1024 1876 hominem
1047 1856 1099 1876 ne-

391 1891 573 1938 ceffarium,
602 1891 670 1926 five
692 1891 905 1935 familiarem,
939 1891 992 1926 sed
1021 1892 1100 1939 qui-

392 1943 470 1979 dem
514 1955 585 1978 rem
629 1953 751 1978 notam.
794 1944 851 1977 An
889 1956 905 1977 a
948 1944 1101 1988 Cognitus

392 1992 607 2029 descenderit
635 1993 672 2028 ea
699 1992 953 2041 significatione
980 1996 1100 2038 Come,

391 2043 565 2080 incertum
596 2052 701 2089 puto.

340 2095 547 2142 “Accorgersi.
576 2094 669 2129 Vide
696 2093 786 2129 infra
813 2097 973 2140 Scorgere.

341 2149 523 2192 Aecozzare
547 2170 558 2186 ‚
603 2149 802 2191 Raccozzare
826 2171 835 2182 .
879 2145 971 2181 Vide
1009 2144 1101 2181 infra

394 2197 524 2232 Coccio.

341 2246 525 2283 meudire.
564 2246 757 2292 Diligentem
793 2256 913 2293 operam
939 2247 1012 2281 dare
1037 2247 1101 2282 ali-

396 2298 446 2333 cui
482 2297 552 2333 νεὶ.
590 2295 802 2342 Hispanicae
839 2296 987 2344 originis
1025 2310 1101 2332 ver-

396 2349 480 2384 bum
508 2347 572 2384 est.
610 2346 711 2382 Unde
743 2350 821 2382 vero
857 2347 914 2382 illi
951 2347 1100 2384 deduxe—

397 2403 492 2440 rint,
520 2402 681 2450 ignotum
711 2398 824 2433 mihi.

345 2452 536 2501 dqutillare
560 2477 570 2493 ‚
611 2451 801 2498 Aequirere.
838 2448 1023 2496 Menagius
1061 2450 1101 2484 ab

397 2503 630 2551 Adquaesitare
658 2500 827 2536 deduxit.
857 2501 998 2535 Poterat
1028 2499 1101 2534 bre-

398 2556 479 2594 vius
514 2554 649 2595 dicere,
689 2560 830 2588 enatum
866 2549 964 2587 fuiss‘e
1002 2549 1103 2586 Itali-

670 216 1101 276 ANTIQUJT.
1148 217 1398 263 MEDM
1441 219 1634 264 AEVI

1131 278 1167 312 A

1253 292 1330 316 cum
1358 281 1545 327 Aequislare
1569 294 1586 316 a
1608 279 1741 317 Latino
1767 282 1960 327 Aequirere.

1254 333 1390 378 Nempe
1427 333 1468 368 ab
1497 331 1720 378 Acqrcilitum,
1748 332 1961 378 Aequistum,

1252 383 1424 429 Aequifto,
1460 383 1672 428 Asquislare.
1712 384 1797 417 Sunt
1826 380 1864 417 δί
1892 382 1963 417 alia

1253 434 1431 480 complura
1461 436 1563 468 verba
1594 432 1736 467 Italicae
1776 432 1962 479 Linguae,

1253 496 1340 530 quae
1368 484 1539 532 originem
1571 483 1663 518 suam
1693 484 1820 518 debent
1847 483 1962 518 Parti-

1254 534 1358 580 cipiis
1389 545 1448 569 aut
1476 533 1616 577 Supinis
1644 533 1879 569 Latinorum.
1917 536 1966 568 E-

1255 587 1395 628 xempla
1423 584 1572 629 accipies
1600 583 1710 617 infra.
1750 585 1813 618 Sed
1840 585 1874 618 &
1902 583 1965 631 ipsi

1256 634 1379 669 Latini
1408 648 1449 669 ex
1478 634 1598 667 eodem
1632 632 1729 667 fonte
1757 632 1965 669 derivabant

1256 684 1431 720 interdum
1461 684 1563 719 verba
1596 683 1650 719 sua
1677 682 1938 730 frequentativa
1956 710 1964 718 .

1140 730 1168 764 Β
1204 733 1340 777 Adeffo.
1380 739 1489 770 Nunc.
1528 734 1729 770 Erithraeus
1767 734 1803 768 in
1848 733 1967 769 Indice

1256 786 1489 833 Vergiliano.
1532 783 1569 820 &
1613 784 1737 819 deinde
1778 784 1965 832 Menagius

1256 845 1374 871 natum
1415 835 1618 871 censuerunt
1657 834 1859 870 adverbium
1899 835 1965 869 hoc

1256 886 1420 922 Italicum
1457 900 1498 922 ex
1526 889 1587 920 At
1614 886 1647 920 δι
1685 885 1810 930 Ipsum,
1849 884 1967 920 subin-

1255 937 1448 985 telligendo
1477 940 1634 982 Tempus,
1663 945 1723 970 aut
1747 937 1965 972 Momentum.

1255 988 1425 1023 Affentiri
1455 1000 1616 1033 nequeo.
1653 989 1717 1021 Ad
1754 984 1853 1029 ipsum
1889 995 1968 1019 tem-

1250 1049 1336 1084 pus,
1359 1040 1422 1074 ,vel
1452 1048 1661 1075 momentum,
1693 1036 1790 1070 nulla
1819 1049 1860 1071 ex
1890 1049 1967 1083 par-

1255 1097 1290 1123 te
1336 1089 1507 1133 exprimit
1550 1091 1680 1122 Nunc:
1726 1083 1856 1134 quippe
1897 1099 1968 1121 non

1256 1138 1424 1184 praesenti
1467 1138 1638 1172 duntaxat
1679 1136 1858 1182 tempori,
1911 1136 1966 1172 sed

1255 1188 1464 1236 praeterito,
1496 1201 1533 1222 ac
1560 1187 1678 1222 futuro
1700 1185 1808 1221 tribui
1837 1187 1968 1233 potest.

1254 1240 1315 1276 ,Ad
1345 1239 1396 1273 boc
1429 1239 1528 1281 ipsum
1564 1248 1682 1282 tempus
1722 1236 1849 1271 necefl‘e
1886 1236 1968 1272 effet

1255 1288 1394 1333 dicere,
1450 1289 1491 1324 ad
1538 1286 1799 1336 significandum
1845 1290 1938 1321 Nunc
1960 1313 1970 1323 .

1254 1338 1378 1381 Adde,
1407 1338 1481 1381 Effo
1502 1352 1519 1372 a
1543 1338 1643 1372 nobis
1673 1336 1893 1374 pronuntiari
1923 1340 1966 1372 E.

1256 1386 1396 1423 clauso:
1427 1386 1465 1423 &
1494 1396 1615 1422 contra
1636 1386 1775 1431 Adeffo,
1808 1390 1849 1422 Ε.
1872 1400 1969 1431 aper-

1255 1446 1317 1473 to.
1358 1439 1475 1483 Quare
1514 1437 1594 1472 dum
1626 1436 1752 1471 melior
1779 1438 1970 1481 Etymolo-

1256 1487 1312 1536 gia
1342 1497 1518 1535 emergat,
1557 1487 1697 1522 Eruditi
1728 1487 1941 1534 perpendant
1960 1514 1970 1531 ‚

1256 1551 1339 1573 num
1369 1540 1573 1574 Teutonum
1612 1537 1731 1579 linqua
1773 1537 1874 1572 nobis
1911 1537 1971 1572 de-

1256 1589 1338 1625 diffe
1368 1589 1524 1638 potuerit
1545 1589 1746 1624 adverbium
1776 1587 1881 1622 istud.
1911 1587 1967 1622 Est

1255 1640 1350 1674 enim
1379 1639 1423 1675 iis
1442 1644 1549 1685 seiz,
1587 1642 1665 1680 Itz,
1705 1641 1796 1682 Itzo,
1835 1637 1967 1685 fignifi-

1258 1703 1337 1725 cans
1366 1693 1475 1725 Nunc.
1507 1689 1694 1726 Praemisso
1721 1690 1802 1728 Ad,
1832 1688 1969 1724 fortaffe

1258 1741 1376 1788 potuit
1418 1740 1500 1776 inde
1544 1739 1661 1776 sensim
1700 1738 1875 1774 efformari
1912 1742 1969 1772 A-

1257 1789 1357 1834 deffo,
1400 1790 1468 1825 slve
1508 1792 1634 1833 Adest,
1678 1789 1731 1824 uti
1772 1787 1967 1823 Lombardi

1259 1841 1456 1887 complures
1487 1839 1738 1887 pronuntiant.

1208 1892 1379 1936 Adizzare
1390 1918 1400 1935 ,
1420 1891 1598 1935 Atti-<zare
1610 1917 1620 1934 ‚
1640 1890 1790 1934 Aizzare
1801 1916 1811 1932 ‚
1832 1891 1946 1935 &zare
1957 1915 1967 1924 .

1258 1942 1394 1977 Imitare
1420 1955 1524 1976 canem
1552 1942 1595 1975 ad
1626 1942 1847 1974 mordendum.
1887 1942 1970 1975 Fer·-

1258 1992 1368 2028 rarius
1395 2005 1413 2028 a
1450 1991 1534 2027 sono
1572 1990 1668 2026 vocis
1696 2002 1812 2025 natam
1843 2002 1966 2025 vocem

1259 2042 1410 2090 scripsit.
1440 2042 1609 2091 Menagio
1635 2051 1752 2077 tamen
1787 2040 1823 2076 id
1858 2039 1967 2076 mini-

1259 2105 1316 2128 me
1344 2092 1524 2135 persuasit,
1552 2092 1612 2140 qui
1642 2100 1822 2139 propterea
1847 2091 1888 2126 ab
1916 2094 1966 2126 us.

1260 2145 1293 2179 δ(
1322 2144 1411 2178 Titio
1437 2143 1574 2178 Titionis
1603 2142 1700 2178 illius
1727 2141 1901 2189 originem
1929 2154 1965 2176 e—

1261 2194 1451 2230 ducendam
1481 2193 1636 2237 censuit,
1674 2202 1734 2228 aut
1761 2193 1803 2226 ab
1829 2191 1967 2227 Adirri-

1259 2255 1346 2280 tare.
1377 2245 1526 2280 Ferrarii
1557 2243 1728 2280 sententia
1757 2242 1845 2278 mihi
1874 2239 1965 2275 veri-

1259 2295 1433 2331 fimilior.
1462 2294 1682 2331 Mutinenses
1710 2292 1827 2339 pueri,
1856 2302 1963 2335 quum

1258 2360 1358 2382 canes
1383 2347 1531 2382 alterum
1561 2346 1597 2381 in
1625 2346 1771 2380 alterum
1799 2340 1964 2384 irritant,

1259 2397 1370 2433 adhuc
1407 2397 1524 2442 ajunt:
1567 2400 1659 2442 Uzz,
1697 2398 1785 2436 Uzz‚
1821 2391 1853 2424 &
1883 2389 1964 2425 inde

1259 2448 1361 2484 nobis
1391 2451 1514 2491 Uzzare
1539 2447 1564 2480 il
1583 2459 1673 2480 cane,
1704 2445 1769 2477 Pro
1790 2444 1861 2485 Uzz
1881 2441 1965 2475 Flo-

1261 2498 1391 2534 rentini
1421 2499 1539 2533 dixere
1566 2498 1651 2539 Izz,
1688 2491 1776 2527 unde
1804 2499 1965 2527 exortum

1260 2549 1420 2585 videatur
1446 2546 1622 2590 Attizzare
1647 2542 1797 2589 Aizzare
1833 2542 1902 2577 &a
1933 2542 1968 2576 1„

1884 2600 1920 2628 ta
