2169 3047
297 2382 421 2416 swale.

356 213 465 251 1007

349 305 470 345 fonte,
496 305 614 354 potius
639 306 742 353 quam
769 318 787 340 e
814 308 962 351 Strages,
984 317 1057 339 ma—

349 356 451 392 navit
477 357 641 402 straziare
667 357 700 391 δε
727 355 878 398 Strazio.

297 410 443 444 stracco.
478 406 607 453 Fefflm
635 405 766 453 Laffus.
802 405 860 441 Est
895 405 996 442 unius
1025 408 1058 442 I-

349 459 477 495 talicae
513 457 674 506 Linguae
702 470 794 493 vox.
831 458 949 493 Habet
978 457 1058 505 qui-

347 509 427 545 dem
456 508 665 545 Germanica
691 508 834 544 smack:
869 507 923 542 sed
953 507 1057 555 figni-

345 559 430 596 ficat
457 559 613 602 ReHum,
635 558 822 602 Direfz‘um,
848 558 950 605 eique
979 572 1056 607 pro-

346 621 464 665 pterea
492 610 584 645 nihil
619 610 669 645 rei
697 608 740 645 est
768 622 847 645 cum
874 613 997 644 stram
1025 610 1056 644 1-

346 660 559 696 talicorum.
597 659 667 695 Uti
697 673 807 707 nuper
834 659 876 695 ad
905 660 1055 695 vocabu-

347 712 421 746 lum
459 714 574 745 stanno
615 710 882 754 animadverti,
925 711 1057 759 puerile

343 763 502 808 Etymon
550 761 641 797 mihi
687 761 827 797 videtur
871 762 1057 810 Menagia-

343 825 429 848 num
457 812 570 852 illud,
596 812 662 849 hoc
687 812 752 857 est,
778 825 796 848 e
822 812 977 856 sinister,
1001 813 1054 847 si-

345 864 517 906 nistracus,
546 863 712 900 deducere
741 867 883 899 stram.
921 863 984 899 Sed
1021 864 1054 899 8<

345 927 410 963 ego
447 913 525 950 heic
552 914 701 950 omnino
732 914 911 950 caecutio.
948 916 1055 950 Atta-

343 978 447 1005 men,
485 979 557 1001 non
584 966 678 1014 quod
708 966 843 1014 aliquid
873 979 928 1001 me
959 979 1056 1013 repe—

343 1016 422 1052 risse
444 1016 534 1052 mihi
558 1017 801 1065 persuadeam,
827 1016 881 1053 sed
907 1026 946 1052 ut
967 1016 1055 1052 alio-

345 1080 422 1103 rum
449 1067 631 1116 ingenium
657 1069 808 1104 excitem
835 1067 1054 1113 adperscru-

346 1118 486 1153 tandam
518 1118 700 1154 abstrusam
731 1119 828 1154 vocis
856 1118 958 1157 huius
985 1117 1055 1153 ori-

345 1167 484 1216 ginem,
507 1181 612 1203 unum
635 1168 801 1216 subjicio.
825 1170 961 1210 Nempe
981 1181 1055 1215 per-

345 1217 562 1265 pendendum
593 1218 679 1262 effe,
705 1232 786 1253 num
816 1232 834 1253 e
864 1218 966 1265 paulo
994 1231 1055 1253 an-

343 1277 379 1303 te
407 1278 602 1302 memorato
631 1269 737 1301 verbo
767 1268 900 1302 Latino
930 1268 1055 1306 Dtstra-

342 1318 434 1360 bere,
460 1315 756 1364 subintelligendo
786 1316 898 1354 vires,
923 1313 959 1350 &
990 1315 1055 1349 hoc

342 1368 519 1410 alterum,
556 1370 714 1402 suaerat-e
751 1365 943 1405 nimirum,
982 1378 1056 1400 ma—

342 1418 433 1454 naffe
462 1417 637 1465 potuerit,
661 1417 751 1453 unde
777 1416 887 1463 postea
912 1420 1056 1451 stracco.

343 1472 427 1507 Non
467 1468 570 1504 semel
609 1468 757 1510 monui,
790 1470 934 1503 Veteres
972 1480 1054 1502 con-

342 1520 483 1556 vertisse
515 1520 616 1554 verba
645 1519 769 1554 tertiae
795 1517 1055 1567 conjugationis

344 1571 556 1607 Latinorum
596 1570 631 1605 in
672 1570 853 1605 modulum
898 1569 1056 1617 primae.

346 1624 415 1657 Pro
437 1621 617 1663 Dtstrabere
637 1620 761 1656 dixiffe
783 1629 970 1669 potuerunt
993 1620 1055 1655 Di-

336 1672 499 1715 strahare,
516 1672 810 1719 quemadmodum
830 1671 973 1708 Lucifer
987 1673 1056 1706 Ca—

343 1723 513 1758 laritanus
543 1722 735 1769 Episcopus
772 1725 894 1758 seculo
922 1721 1053 1758 Christi

344 1776 486 1819 Quarto
515 1787 577 1821 pro
604 1774 745 1819 Abigea
772 1774 867 1809 dixit
889 1774 1057 1817 Abz'gare.

344 1824 449 1861 Alibi
479 1838 619 1872 quoque
649 1824 905 1867 animadverti,
941 1824 1054 1870 Majo-

344 1889 397 1910 res
436 1876 566 1911 nostros
595 1880 632 1910 H
668 1890 727 1924 per
753 1879 827 1911 CH.
855 1875 1056 1911 reddidisse.

347 1925 439 1960 Vide
482 1927 580 1975 supra
622 1927 661 1962 ad
702 1928 911 1963 vocabulum
950 1926 1056 1969 Gufo.

347 1978 445 2013 Num
468 1990 549 2025 ergo
573 1979 747 2021 Dtstrahere
771 1978 997 2014 immutatum
1020 1976 1057 2012 in

346 2027 533 2068 Dilhahare
573 2029 726 2072 genuisse
762 2029 902 2064 tandem
942 2027 1085 2076 potuit¹

347 2078 572 2120 Dima-hare,
615 2092 653 2114 ac
691 2079 829 2116 demum
874 2079 1059 2115 brevitatis

348 2142 431 2177 ergo
468 2133 655 2171 straccare,
693 2129 747 2165 uti
783 2144 825 2165 ex
863 2129 1059 2170 Distrac‘i'um

350 2180 392 2213 (9·
410 2179 605 2220 Βίβναῦἵίο
625 2181 767 2217 verbum
787 2181 933 2215 alterum
951 2183 1057 2214 Strac-

347 2230 430 2264 0iare
467 2227 521 2264 seu
555 2232 741 2275 Strazr'are,
778 2233 810 2266 &
839 2230 975 2265 straccio
1002 2232 1058 2266 vel

345 2280 501 2325 Strazio,
530 2279 768 2316 verisimiliter
795 2280 964 2317 effluxisse
993 2295 1058 2317 nu-

346 2343 405 2378 per
434 2329 583 2365 monui?

457 2381 607 2428 Sagitta.
643 2381 678 2417 Si
707 2382 865 2418 Ferrario
902 2382 939 2420 &
978 2382 1057 2418 Me-

703 192 1073 252 ANTIQUtT.
1113 192 1322 236 MEDII
1356 194 1516 238 AEVI

346 255 539 290 stracciare.
570 256 619 289 Et
645 253 793 289 fortaffis
820 267 862 289 ex
891 254 957 288 hoc
984 252 1059 300 ipso
1092 253 1129 288 A

1078 1165 1080 1172 ’
1088 1155 1122 1193 C

1092 1607 1125 1641 D

1753 205 1861 243 1008

1219 253 1347 301 nagio,
1367 255 1575 292 vocabulum
1601 255 1667 293 hoc
1691 259 1923 295 arcessendum

1218 318 1237 340 e
1264 304 1476 342 Germanico
1501 309 1632 349 Straal
1661 307 1716 344 seu
1746 311 1856 348 Stral,
1883 309 1925 345 fi-

1218 355 1408 404 gnificante
1434 358 1576 392 Radium
1602 359 1716 401 solis‚·
1741 359 1796 395 sed
1824 360 1928 408 huju-

1218 406 1329 442 smodi
1350 407 1553 465 opinionem
1580 408 1728 455 abjecit.
1752 412 1926 447 Attamen

1218 470 1337 494 verum
1366 459 1431 499 est
1456 458 1508 493 uti
1537 457 1604 505 jam
1634 459 1819 496 Hickefius
1848 475 1925 497 mo—

1218 508 1317 549 nuit,
1337 522 1380 544 ex
1401 507 1610 543 Germanica
1636 508 1774 556 Lingua
1799 512 1839 545 ad
1862 525 1924 548 nos

1216 559 1305 595 hanc
1342 571 1463 593 vocem
1504 558 1682 607 migrasse.
1723 561 1814 595 Nam
1852 563 1928 596 Go-

1216 610 1352 645 thicum
1376 610 1430 644 vel
1458 609 1662 645 francicum
1685 609 1729 645 est
1753 612 1844 646 Stral
1869 612 1926 647 vel

1215 661 1348 704 strala,
1370 661 1506 708 proprie
1527 659 1721 709 significans
1740 662 1926 708 Sagittam,

1219 712 1352 753 Telum,
1380 712 1562 756 Spiculum,
1578 712 1750 756 Jaculum.
1783 715 1927 748 Veteres

1217 775 1357 809 quoque
1393 764 1545 797 Saxones
1581 762 1701 798 dixere
1730 764 1858 803 Strael,
1888 762 1928 799 &

1216 814 1365 848 Straela.
1386 812 1538 860 Superest
1561 826 1663 862 ergo,
1685 822 1724 849 ut
1748 814 1928 853 dicamus,

1217 862 1351 899 servare
1379 863 1489 900 adhuc
1517 866 1710 900 Germanos
1747 864 1835 899 hanc
1866 877 1930 900 vo-

1218 927 1292 949 cem
1307 943 1316 958 ,
1342 928 1416 949 eam
1438 925 1555 951 tamen
1579 914 1818 961 metaphorice
1839 914 1929 950 dun-

1217 973 1316 1000 taxat
1353 965 1575 1014 usurpantes,
1610 965 1819 1015 appellando
1855 970 1929 1001 Ra-

1217 1018 1286 1050 dios
1312 1017 1419 1059 Solis,
1446 1019 1550 1052 Strali
1577 1018 1629 1051 del
1655 1018 1746 1052 Sole.

1163 1069 1356 1114 Strappare.
1393 1069 1560 1104 Eveltere.
1601 1068 1702 1103 Nihil
1741 1067 1927 1112 dubitans,

1214 1117 1257 1152 ab
1286 1117 1469 1161 Exstirpare
1497 1119 1606 1154 trahit
1632 1118 1838 1166 Menagius.
1867 1120 1925 1154 Ab

1213 1167 1348 1213 Extirpo
1376 1180 1437 1201 nos
1465 1168 1728 1202 efformavimus
1758 1172 1922 1214 Sterpare.

1215 1219 1299 1252 Non
1321 1230 1402 1264 ergo
1422 1221 1613 1263 Strappare.
1636 1219 1754 1261 Quare
1783 1230 1928 1266 perpen-

1213 1267 1272 1298 das
1295 1267 1403 1298 velim
1418 1291 1425 1299 .
1444 1278 1484 1297 an
1508 1279 1550 1298 ex
1574 1269 1675 1297 Extra
1699 1270 1822 1309 Rapere
1843 1280 1928 1301 con-

1214 1312 1273 1348 fici
1297 1313 1450 1360 potuerit
1472 1316 1710 1359 Extrarapare,
1733 1314 1785 1349 uti
1809 1315 1850 1349 de
1874 1324 1931 1351 tot

1215 1363 1295 1399 aliis
1335 1364 1448 1399 verbis
1487 1364 1574 1412 apud
1613 1364 1763 1400 Latinos
1803 1365 1928 1402 tertiae

1215 1413 1495 1463 Conjugationis
1537 1415 1667 1450 fzffium
1711 1415 1804 1459 fuit,
1841 1430 1929 1464 quae

1215 1465 1252 1502 in
1274 1470 1344 1501 Are
1368 1466 1446 1501 [tali
1469 1466 1666 1515 antiquitus
1690 1465 1929 1503 deflexerunt.

1216 1517 1308 1552 Vide
1337 1518 1501 1557 Bramhe,
1528 1518 1561 1553 8(
1600 1519 1799 1563 chiappare.
1831 1520 1928 1554 Num

1217 1568 1334 1604 senfim
1363 1572 1554 1612 Strampare
1581 1569 1782 1616 compendii
1813 1569 1928 1605 caussa

1215 1623 1387 1666 Strappare
1413 1618 1542 1655 evafit?

1166 1674 1406 1717 Strapazzare.
1444 1672 1572 1705 Probris
1607 1672 1744 1718 aliquem
1780 1684 1930 1712 onerare,

1216 1721 1424 1755 contumeliis
1469 1721 1590 1766 afficere
1607 1749 1615 1758 .
1664 1722 1839 1758 Ferrarius
1885 1736 1927 1758 ex

1217 1773 1400 1808 muntiare
1412 1800 1420 1811 ,
1447 1774 1631 1815 Exprett'are
1642 1801 1651 1816 ‚
1672 1773 1908 1818 Transpretiare
1917 1796 1930 1813 ‚

1216 1822 1470 1859 reluffiantibus
1491 1822 1628 1867 Superis
1648 1824 1680 1858 &
1704 1823 1825 1858 inferis
1839 1847 1847 1861 ‚
1868 1823 1929 1858 de-

1216 1874 1363 1909 ducebar
1392 1872 1458 1908 hoc
1492 1873 1657 1909 verbum.
1697 1875 1820 1920 Neque
1849 1873 1929 1909 feli-

1218 1925 1291 1961 cius
1309 1924 1477 1972 Menagio
1495 1923 1668 1959 suet-effit.
1686 1923 1766 1959 dum
1788 1937 1805 1959 e
1823 1927 1930 1960 Tran-

1211 1976 1379 2022 spatr'are,
1420 1985 1480 2010 aut
1523 1973 1746 2018 Transpaffare
1786 1984 1930 2011 enatum

1217 2026 1355 2062 voluit.
1394 2025 1462 2061 Un
1495 2025 1591 2070 supra
1622 2026 1663 2061 ad
1692 2025 1834 2061 verbum
1866 2026 1930 2060 Di-

1217 2077 1356 2123 leggr'are
1393 2076 1495 2115 dixi,
1537 2086 1667 2112 veteres
1707 2077 1929 2124 appellabant

1218 2131 1418 2172 Ξεναραζζο,
1445 2127 1528 2163 idest
1549 2130 1770 2174 grande-mente
1795 2131 1926 2172 Pazzo‚

1219 2192 1323 2228 quem
1354 2179 1485 2221 probris
1515 2179 1743 2226 appetebant.
1770 2183 1929 2224 Strapaz-

1219 2244 1294 2276 zare
1321 2229 1411 2266 nihil
1441 2229 1535 2265 aliud
1571 2229 1660 2265 mihi
1689 2229 1755 2269 est
1784 2228 1844 2263 nisl
1874 2229 1932 2264 in-

1220 2295 1336 2332 gerere
1378 2280 1484 2316 alicui
1526 2280 1819 2316 contumeliosum
1863 2279 1929 2315 hoc

1221 2345 1347 2368 nomen
1377 2335 1431 2366 Str
1419 2346 1460 2365 ra
1470 2342 1590 2376 puzzo.
1620 2334 1672 2366 lta
1704 2331 1885 2378 Dilquiare
1909 2341 1929 2363 e

1221 2384 1409 2427 Dilquiato
1435 2381 1594 2428 emersit,
1621 2384 1654 2418 δ(
1694 2379 1928 2426 thlaneggiare

1220 2447 1239 2470 e
1268 2435 1414 2470 Villano.

348 2432 455 2481 nagio
477 2431 559 2468 fides
574 2461 582 2475 ,
603 2446 619 2468 a
642 2435 747 2469 Traho
766 2435 796 2469 8<
825 2435 968 2480 Tragula
991 2436 1058 2470 La-

349 2485 427 2520 tino
457 2483 620 2519 Italicum
648 2485 754 2519 Strale
783 2484 979 2521 descendit.
1016 2484 1058 2520 In
1083 2491 1085 2517 ἶ

1169 2486 1323 2530 Strt'sct‘a.
1361 2489 1561 2532 Segmentum
1598 2485 1644 2519 rex⁸
1675 2478 1835 2524 alicujus.
1872 2480 1927 2515 En

346 2544 501 2572 mentem
529 2534 624 2585 prius
653 2545 795 2574 venerat
829 2536 943 2573 eidem
977 2530 1086 2577 Me-l

1219 2536 1382 2588 Menagii
1410 2538 1586 2583 Etymon.
1610 2535 1646 2568 A
1667 2533 1820 2579 stringo,
1844 2529 1930 2565 Stri-

1811 2594 1874 2630 go,
