2169 3047
131 456 228 548 D
304 453 349 545 I
423 453 483 547 S
559 451 618 546 S
693 450 771 544 E
851 451 952 546 R
1028 450 1122 542 T
1203 450 1303 544 A
1381 451 1474 543 T
1556 453 1598 543 I
1675 454 1766 545 O

323 642 1574 717 TRIGESIMAPRIMA‚

557 861 661 898 busve
689 863 817 898 ritibus
843 863 895 911 ju-

440 910 459 924 *
495 949 506 953 ,
559 912 649 948 stitia
689 915 778 948 olim
831 915 895 948 Po-

558 965 641 1012 pulo
683 963 895 999 ministrare-

557 1024 612 1049 tur
629 1041 639 1056 ,
667 1014 817 1061 litesque
844 1013 896 1050 ci—

557 1065 643 1099 viles
689 1064 895 1100 dirimeren-

493 1120 501 1125 ’“
554 1124 636 1156 tur,
688 1127 778 1150 nunc
822 1115 895 1150 edi-

554 1165 702 1201 cendum
724 1165 790 1202 est.
814 1166 894 1202 Alii

130 1217 226 1254 enim
271 1231 382 1254 mores
411 1232 428 1253 a
473 1216 593 1252 nostris
631 1217 816 1252 obtinuere
857 1217 894 1252 in

132 1269 259 1308 Italia,
288 1269 516 1318 regnantibus
546 1267 583 1303 in
611 1267 674 1302 hac
706 1267 894 1303 Provincia

129 1319 375 1368 Langobardis
394 1344 404 1359 ‚
433 1319 576 1354 Francis
596 1346 605 1361 ,
643 1316 679 1353 ἃ
709 1319 894 1354 Germanis
918 1347 920 1350 ,

130 1370 307 1412 Regibus.
347 1370 471 1417 Itaque
509 1369 624 1417 primo
654 1369 726 1404 veri
757 1369 896 1404 videtur

132 1419 270 1458 simile,
313 1433 383 1454 non
412 1433 486 1454 eam
516 1429 600 1454 tunc
630 1419 727 1453 fuiffe
755 1419 894 1468 litigio-

132 1482 209 1505 rum
242 1468 390 1517 segetem
418 1470 451 1503 &
481 1468 618 1511 copiam
636 1496 646 1511 ‚
681 1482 768 1515 quae
795 1482 895 1504 enor-

134 1519 185 1555 mi
229 1532 248 1554 a
286 1519 467 1554 nonnullis
511 1518 642 1553 Seculis
685 1518 782 1554 fluxu
825 1532 894 1554 non

134 1569 281 1606 Italiam
311 1569 447 1613 solum,
475 1568 530 1604 sed
559 1569 754 1604 universam
783 1571 895 1604 Euro—

137 1633 217 1669 pam
262 1619 412 1668 fatigar.
471 1621 603 1655 Paucae
645 1621 735 1668 leges
779 1620 896 1668 paucis

136 1670 382 1706 controversiis
409 1670 544 1705 aditum
572 1670 800 1719 aperiebant3
831 1670 893 1705 sci-

135 1729 213 1756 tum
244 1721 339 1755 enim
368 1720 414 1755 est
441 1720 530 1755 illud
569 1719 754 1755 Platonis:
793 1724 898 1766 Apud

133 1783 209 1818 quos
234 1770 391 1817 plurimae
426 1770 528 1816 leges.
571 1770 617 1804 ibi
657 1769 703 1809 &⁵
742 1771 897 1817 plurimae

136 1821 231 1857 lites.
260 1820 318 1855 Ad
346 1819 430 1856 haec
459 1821 575 1856 nullae
595 1830 678 1856 tunc
699 1831 798 1856 erant
820 1821 895 1857 Pri—

139 1871 403 1920 mogeniturae,
433 1871 523 1906 nulli
553 1872 771 1919 Majoratus,
799 1873 895 1907 nulla

138 1921 423 1958 fideicommissa
449 1950 459 1967 ,
510 1935 549 1957 ac
600 1922 895 1966 Substitutiones,

138 1985 226 2019 quae
254 1985 345 2008 nunc
371 1972 534 2016 Judicum
563 1972 772 2021 patientiam
808 1987 895 2021 quo-

139 2022 229 2058 tidie
255 2032 438 2067 exercent,
466 2025 499 2059 &
529 2024 795 2060 Advocatorurn
818 2038 894 2059 cru-

141 2085 280 2108 menam
307 2072 482 2122 turgidam
511 2073 665 2110 faciunt:
696 2074 734 2111 ἃ
763 2089 850 2123 quae
871 2075 892 2110 fi

142 2124 269 2158 tollere
296 2123 336 2159 de
365 2124 481 2161 medio
508 2125 690 2173 quisquam
731 2127 895 2174 Princeps

140 2173 179 2209 in
208 2173 364 2209 animum
393 2174 598 2218 induceret,
640 2176 676 2212 in
720 2176 894 2220 juriscon—

141 2223 310 2260 sultorum
340 2237 438 2272 agros
481 2238 551 2261 non
578 2227 742 2276 exiguam
771 2227 893 2262 sterili-

141 2283 252 2310 tatem
281 2273 443 2310 inferret.
479 2275 554 2320 Qui
591 2278 699 2313 etiam
741 2279 896 2326 Legibus

141 2337 282 2372 operam
311 2325 462 2369 dabant,
503 2325 542 2361 δε
569 2329 702 2371 Judaees
729 2328 897 2376 appellari

143 2374 420 2420 consueverunt,
462 2384 536 2412 tum
580 2377 672 2425 quod
716 2380 816 2425 pauci
844 2378 897 2413 fo-

142 2435 247 2464 rent,
276 2434 351 2461 tum
379 2426 486 2462 etiam
515 2427 608 2475 quod
637 2428 812 2463 mediocre
839 2442 897 2475 pa-

143 2475 355 2512 trimonium
383 2476 548 2513 scientiae
575 2478 728 2514 habuiffe
757 2479 899 2514 videan-

145 2535 229 2573 tur,
269 2526 364 2564 nudo
403 2529 542 2579 Legum
583 2542 769 2580 paucarum
798 2539 898 2566 textu

817 810 896 860 qui-
931 811 984 846 Al
1006 810 1189 855 contenti,
1218 825 1287 847 non
1316 812 1444 848 Gloffis
1471 825 1542 848 non
1569 811 1767 849 Commen-

1007 862 1130 905 tariis,
1170 875 1240 897 non
1270 863 1536 903 Decifionibus‚
1577 876 1646 898 non
1675 865 1767 899 Tra—

1007 912 1160 948 &atibus
1188 912 1392 958 studebant,
1421 913 1476 949 sed
1505 914 1669 962 expedita
1697 916 1767 949 Le-

1006 964 1059 1009 gis
1086 963 1299 1012 allegatione
1335 966 1368 999 ὃς
1406 964 1599 1000 collatione
1637 977 1765 1012 propo*

1007 1013 1061 1048 fiti
1090 1013 1206 1059 casus,
1252 1014 1313 1050 fibi
1351 1015 1392 1050 ad
1421 1015 1495 1050 cito
1532 1016 1765 1062 pronuntian-

1006 1063 1084 1099 dam
1099 1063 1305 1100 sententiam
1328 1065 1423 1100 viam
1445 1065 1636 1100 sternebant
1648 1092 1656 1100 .
1670 1066 1766 1101 Lau-

1006 1114 1118 1150 danda
1147 1117 1267 1155 procul
1294 1115 1402 1150 dubio
1432 1118 1669 1151 Romanorum
1698 1118 1766 1152 Le·

1005 1178 1087 1214 gum
1116 1165 1312 1206 restitutio,
1352 1179 1463 1214 neque
1506 1166 1640 1214 segnius
1670 1180 1766 1203 com-

978 1243 979 1254 ι
1006 1217 1199 1252 mendanda
1227 1216 1271 1252 est
1299 1218 1519 1266 publicorum
1557 1216 1766 1264 Gymnafio—

1005 1280 1079 1303 rum
1125 1267 1325 1312 institutio,
1374 1268 1433 1304 ubi
1484 1269 1575 1312 Juris
1619 1268 1763 1304 scientia

1005 1317 1105 1363 spisso
1133 1318 1385 1364 discipulorum
1424 1320 1563 1365 agmine
1606 1321 1762 1355 colitur„

1004 1368 1067 1404 Sed
1097 1368 1246 1404 minime
1275 1369 1558 1406 dissimulandum
1577 1398 1586 1413 ‚
1614 1383 1684 1406 non
1712 1372 1762 1405 le-

1004 1419 1062 1454 via
1099 1419 1324 1455 incommoda
1370 1430 1508 1456 tantum
1553 1420 1762 1457 beneficium

1004 1469 1216 1517 consequuta
1244 1470 1363 1510 fuiffe,
1392 1484 1516 1519 nempe
1544 1472 1762 1520 multiplica-

1003 1529 1055 1555 tas
1083 1520 1167 1567 juris
1196 1520 1423 1568 Quaestiones
1441 1548 1450 1564 ,
1479 1522 1678 1558 innumeras
1706 1522 1763 1557 in-

1003 1579 1056 1604 ter
1083 1569 1114 1604 se
1142 1570 1396 1618 digladiantes,
1424 1570 1664 1618 oppositasque
1686 1573 1761 1606 scm-

1002 1619 1130 1654 tentias
1158 1619 1345 1664 emerfifl‘e,
1383 1630 1486 1668 atque
1514 1621 1598 1656 adeo
1627 1622 1762 1657 succie-

1003 1670 1086 1704 viffe
1113 1670 1220 1714 lites,
1265 1672 1297 1705 δε
1326 1671 1363 1706 in
1391 1685 1500 1706 annos
1539 1672 1676 1719 plures,
1719 1686 1762 1707 ne

974 1720 1115 1755 *dicam
1145 1720 1182 1755 in
1211 1723 1354 1761 Secula,
1397 1722 1624 1769 litigantium
1666 1724 1762 1758 caus-

1001 1770 1050 1805 sas
1080 1770 1184 1805 hodie
1211 1772 1330 1806 trahi.
1359 1774 1441 1807 Hoc
1471 1772 1591 1807 saltem
1622 1774 1764 1808 utilita-

1001 1821 1047 1856 tis
1075 1820 1223 1856 habebat
1251 1821 1392 1857 rudium
1422 1832 1619 1870 temporum
1655 1824 1761 1859 exilis

1001 1870 1188 1915 doS‘crina,
1229 1873 1262 1906 &
1307 1872 1328 1906 fi
1357 1872 1464 1907 etiam
1492 1873 1606 1909 dicere
1646 1875 1762 1910 mavis

1000 1921 1164 1965 inscitia,
1206 1935 1330 1970 nempe
1357 1924 1537 1971 extemplo
1565 1925 1729 1973 componi
1751 1952 1763 1969 ‚

1002 1982 1061 2008 aut
1103 1972 1290 2020 dijudicari
1331 1973 1488 2018 privatae
1528 1975 1642 2022 gentis
1679 1976 1762 2010 lites

1003 2021 1247 2059 consuevisse.
1306 2026 1398 2060 Nam
1443 2025 1534 2072 quod
1577 2025 1761 2073 quisquam

1003 2073 1177 2121 objiciat,
1215 2073 1318 2110 facile
1359 2075 1446 2110 olim
1490 2088 1531 2110 ex
1560 2075 1762 2124 ignorantia

1004 2125 1165 2168 Judicum
1212 2126 1245 2160 &
1296 2127 1556 2171 Patronorum‚
1606 2127 1761 2163 obnoxia

1004 2174 1103 2211 fuiffe
1131 2174 1261 2224 judicia
1289 2175 1506 2224 injustitiae:
1551 2190 1568 2212 a
1609 2191 1680 2226 quo
1708 2178 1763 2213 di-

1006 2225 1169 2262 scrimine
1207 2240 1268 2263 nos
1304 2227 1411 2275 eripit
1439 2227 1629 2263 nostrorum
1672 2240 1764 2264 tem—

1007 2289 1130 2324 porum
1174 2278 1362 2324 multiplex
1392 2278 1576 2327 doffirinag
1620 2279 1654 2314 id
1683 2279 1762 2327 qui-

1006 2327 1084 2362 dem
1127 2340 1196 2363 non
1238 2328 1305 2363 fine
1333 2328 1561 2364 assentatione
1597 2343 1675 2378 erga
1704 2332 1763 2364 Se-

1007 2379 1084 2413 cula
1113 2378 1222 2414 nostra
1259 2389 1479 2427 opponatur.
1523 2381 1632 2415 Erant
1673 2380 1762 2414 olim

1005 2442 1144 2476 quoque
1173 2429 1242 2465 viri
1264 2429 1406 2476 ingenio
1429 2431 1462 2464 &
1484 2431 1645 2466 acumine
1666 2443 1763 2464 men-

1004 2480 1050 2514 tis
1079 2479 1259 2515 instruEti.
1303 2480 1349 2514 lis
1391 2481 1447 2515 vel
1486 2480 1555 2516 sola
1593 2481 1762 2515 naturalis

1006 2530 1112 2566 Ratio
1158 2531 1261 2566 dabat
1307 2529 1401 2566 inter
1453 2531 1570 2566 album
1617 2532 1650 2564 3<
1707 2530 1765 2565 ni=

1587 2593 1683 2629 grum
1704 2607 1714 2624 ᾖ
