2169 3047
259 214 345 264 965

254 321 403 354 moriam
420 341 429 349 .
469 313 677 348 falluntur.
715 315 767 348 En
796 324 835 350 ut
861 323 956 349 vete-

255 380 330 405 rum
369 363 619 399 vocabulorum
658 363 789 399 notitia
822 365 864 400 ad
900 365 959 400 de-

254 414 416 464 tegendas
444 414 603 457 Linguae
641 413 771 449 nostrae
806 415 959 463 origines

251 465 389 513 optime
418 464 605 500 inserwat.
646 465 807 512 Demque
836 470 877 499 ad
904 465 958 500 in-

253 515 464 564 telligendos
484 514 648 562 antiquos
669 517 860 563 Scriptores
873 542 882 557 ,
902 528 958 550 eo-

253 579 331 603 rum
375 565 582 614 perspeEIam
626 564 750 600 habere
789 564 960 614 fignifica-

253 617 389 653 tionem
416 616 546 651 necess‘e
572 614 721 651 omnino
747 615 813 652 est.

203 669 392 712 Scampare,
418 669 594 713 Scappare.
623 668 792 705 Evadere,
820 668 961 713 Fugere.

257 720 341 756 Non
378 731 396 753 a
423 720 565 755 camba,
592 719 737 761 Gamba,
774 726 812 753 ut
842 719 960 752 Ferra-

255 768 328 804 rius
354 767 585 815 opinabatur,
615 766 668 802 sed
696 780 715 802 a
742 770 880 814 Campo,
908 767 961 802 uti

252 819 412 868 plerique
439 818 714 867 Etymologistae
743 817 961 860 docuerunt,

252 870 436 905 efformata
463 868 533 904 fuit
560 882 630 904 vox
648 896 659 913 ,
695 867 778 904 idest
808 870 959 902 Ex-cam-

247 930 348 968 pare,
373 933 388 954 e
411 922 530 966 Campo
557 922 698 965 Fugere.
728 918 959 954 Animadver-

252 971 397 1006 tendum
435 978 553 1005 tamen
585 969 649 1013 est,
686 982 757 1004 non
784 969 826 1004 de
861 968 961 1004 omni

251 1023 371 1068 Campo
411 1020 489 1056 heic
528 1020 617 1068 agi,
653 1018 708 1054 sed
746 1020 883 1055 tantum
920 1019 962 1053 de

250 1073 396 1118 Campo,
433 1070 516 1106 idest
553 1071 674 1105 Proelia
707 1071 741 1105 8<
779 1070 962 1104 Exercitu:

252 1134 333 1157 nam
351 1122 411 1156 sub
427 1121 487 1156 ista
509 1119 763 1168 fignificatione
780 1132 849 1154 vox
864 1121 960 1153 Cam-

248 1181 310 1217 pus
334 1171 423 1204 olim
454 1170 613 1214 usurpata
651 1167 741 1207 fuit,
776 1168 811 1201 &
848 1167 960 1202 adhuc

250 1218 435 1267 usurpatur
460 1231 479 1253 a
507 1217 609 1253 nobis
637 1230 699 1264 pro
726 1219 896 1253 Exercitu
922 1216 960 1253 in

250 1281 392 1315 campos
412 1267 560 1303 eduae.
582 1269 635 1301 lta
655 1269 752 1302 Galli
774 1268 873 1314 ajunt
895 1270 956 1302 De—

251 1328 393 1363 caemper‚
420 1314 459 1351 ἀ
487 1317 687 1360 Elcbapper‚
716 1324 821 1362 atque
851 1316 961 1362 Angli

250 1378 284 1403 to
320 1367 460 1411 Escape.
497 1363 696 1400 Fureterius
732 1378 752 1400 a
786 1365 963 1411 Scaphare,

252 1417 320 1453 hoc
348 1416 414 1457 est,
450 1429 466 1451 e
500 1418 626 1459 Scapha
660 1416 811 1454 evadere,
848 1425 907 1450 aut
937 1426 962 1450 a

252 1467 397 1504 Celtica
419 1479 504 1502 voce
523 1467 664 1510 Achap.
684 1466 862 1501 Gallicum
888 1479 959 1501 ver-

254 1518 338 1554 bum
374 1517 512 1554 derivat
533 1543 544 1553 .
583 1516 668 1552 Veri
704 1515 851 1552 fimilius
887 1515 932 1552 est
953 1544 963 1560 ,

252 1570 341 1605 olim
368 1570 533 1613 Escamper
551 1565 708 1611 dicium,
734 1567 859 1602 deinde
879 1580 958 1603 con-

251 1620 389 1656 versum
427 1619 526 1655 fuisse
562 1619 598 1654 in
636 1619 794 1663 Escaper,
822 1618 955 1663 Escbap-

248 1681 331 1719 per.
373 1672 425 1705 Ita
453 1670 591 1717 Esgarer
617 1667 752 1708 Gallis,
786 1668 880 1716 quod
907 1672 960 1703 A-

253 1721 376 1758 berrare
401 1735 417 1755 e
443 1721 501 1755 via
529 1719 722 1768 signficat,
751 1732 822 1754 non
849 1732 868 1754 a
898 1721 945 1754 Va

251 1785 346 1815 rare,
382 1785 494 1820 neque
521 1773 564 1806 ab
591 1771 760 1816 Aguirer‚
797 1778 836 1804 ut
866 1768 894 1804 ii
922 1783 961 1804 o-

251 1822 443 1872 pinantur,
462 1821 518 1857 sed
539 1821 581 1855 ab
602 1822 655 1854 Ex
674 1818 711 1856 ἂ
733 1822 849 1859 scara,
870 1833 961 1855 nunc

251 1874 381 1908 Schim
398 1899 408 1915 ‚
445 1871 574 1908 Latine
601 1870 699 1905 Acies
732 1869 960 1917 (subintelli-

252 1922 366 1972 gendo
392 1922 580 1960 Declinare‚
607 1922 792 1969 Aberrare)
819 1931 961 1956 enatum

253 1973 417 2009 videtur.
457 1972 607 2015 Escarare
634 1970 754 2007 sensim
791 1973 828 2006 in
857 1972 960 2018 Esga-

253 2036 349 2063 rare,
385 2023 523 2059 Gallice
562 2022 721 2067 Esgarer,
765 2032 962 2058 commuta-

253 2084 329 2110 tum
364 2073 452 2109 fuit.
490 2071 742 2109 Mutinenfium
780 2072 962 2108 Dialeuus

252 2123 359 2160 habet
385 2128 521 2172 Sgarare
551 2136 611 2173 pro
640 2123 731 2158 Falli
745 2147 755 2163 ‚
783 2126 925 2159 Errare.

201 2176 397 2213 standena.
434 2173 643 2224 Leguminis
680 2186 812 2221 genus:
844 2173 863 2193 ²
900 2177 962 2208 seu

249 2226 357 2275 potius
387 2226 509 2271 frugis.
543 2224 636 2260 Vide
673 2224 959 2261 Differtationem

254 2279 387 2313 xxlv.
425 2280 463 2311 de
497 2277 638 2311 Artibus
664 2276 845 2310 Italicorum
862 2302 871 2312 .

203 2329 362 2363 semia.
389 2328 545 2365 Planus,
573 2326 609 2362 in
638 2338 708 2373 quo
736 2340 795 2372 per
823 2324 962 2363 ordines

257 2378 372 2413 varios
409 2379 629 2413 collocantur
667 2377 795 2413 Libri.
832 2379 964 2413 Scancu'a

255 2427 366 2464 etiam
392 2430 587 2477 appellatur
604 2455 614 2472 ‚
645 2431 734 2466 unde
762 2426 962 2464 Florentini

258 2478 484 2514 efformarunt
503 2481 689 2524 scamma,
711 2490 833 2515 vocem
854 2481 961 2514 Lom-

258 2527 374 2573 bardis
399 2528 581 2581 ignotam.
606 2530 707 2582 ‘2²⁴5st
731 2530 965 2581 Μςηειὲἰαηι,

990 2083 991 2088 ’
1008 2074 1037 2108 E

539 201 906 247 DISSERTATIO
936 202 1474 250 TRJGESJMATERTlas
1678 215 1769 264 965

255 264 458 315 superfluam
493 261 700 298 arbitrantes
728 276 846 299 eorum
886 276 957 299 me-
997 266 1042 300 A

1119 263 1371 311 imperterrrite
1407 263 1490 301 haec
1520 265 1562 302 de
1598 266 1722 304 horum
1753 269 1827 306 ori-

1120 314 1200 363 gine
1229 315 1420 349 tradentem
1436 339 1445 348 .
1472 321 1514 350 A
1534 319 1712 364 Scrinium,
1736 323 1827 355 Scre-

1120 367 1235 409 nium,
1270 368 1443 404 Serenum,
1479 368 1672 414 strennum,
1709 373 1826 405 Seran-

1120 428 1220 459 num,
1248 418 1428 460 Semnum,
1456 417 1665 457 Scanm'cum,
1690 421 1827 457 scanni-

1119 466 1220 506 cium,
1255 466 1445 506 Scannicia,
1480 470 1631 503 scancia.
1668 471 1744 505 Aut
1770 473 1827 508 lu-

1119 516 1173 552 dit
1191 543 1200 558 .
1230 526 1290 552 aut
1317 515 1378 551 fibi
1408 516 1532 552 illudit
1559 519 1766 567 MenagiuS.
1795 523 1827 558 E

1119 568 1265 606 Scantio,
1292 566 1375 602 idest
1401 568 1573 612 Ascendo,
1599 569 1751 611 Scanfilis
1776 571 1829 606 ef-

1120 617 1316 654 formavere
1350 618 1505 654 Latini.
1541 619 1636 655 Tum
1677 620 1830 657 Latino·

1120 668 1256 704 barbari
1293 669 1450 709 Scanfilra
1489 671 1710 718 appellarunt
1747 673 1829 707 Plu-

1119 729 1203 762 teos,
1239 718 1276 754 in
1304 719 1430 766 quibus
1459 721 1546 756 varii
1586 734 1699 756 rerum
1732 723 1829 759 ordi-

1119 782 1180 805 nes
1217 769 1389 818 gradatim
1426 769 1721 819 disponerentur,
1758 772 1828 811 five

1119 819 1213 868 quod
1241 820 1398 856 scandere
1426 834 1510 869 opus
1542 822 1645 863 effer,
1681 831 1720 859 ut
1747 823 1830 860 inde

1119 884 1172 906 res
1199 869 1311 917 ipsae,
1337 871 1367 906 &
1401 872 1526 916 Libri,
1551 874 1705 921 exempli
1734 873 1831 909 caus-

1119 922 1181 961 sa,
1213 920 1456 971 sumerentur3
1493 922 1562 959 five
1591 933 1629 959 ut
1657 923 1747 960 mihi
1776 924 1832 961 vi-

1120 972 1222 1007 detur
1249 971 1323 1007 veri
1361 971 1531 1013 fimilius,
1563 974 1656 1022 quod
1694 974 1745 1011 ita
1772 988 1832 1011 or-

1120 1022 1218 1058 dines
1246 1021 1304 1069 (le
1325 1021 1411 1071 file)
1449 1023 1603 1072 dispofiti
1633 1025 1759 1065 essent,
1790 1034 1831 1062 ut

1121 1085 1208 1108 unus
1244 1072 1343 1121 super
1375 1075 1483 1109 alium
1514 1075 1760 1124 consurgeret,
1796 1077 1832 1111 &

1119 1134 1163 1156 ex
1191 1121 1318 1157 infimo
1341 1125 1513 1171 gradatim
1540 1124 1762 1161 scanderetur
1787 1126 1831 1161 ad

1120 1170 1344 1214 supremum.
1384 1175 1564 1207 Scandulae
1599 1176 1637 1209 ea
1678 1174 1750 1222 ipsa
1790 1176 1833 1212 de

1120 1219 1235 1256 caussa
1262 1221 1458 1268 appellatae
1484 1223 1672 1260 creduntur
1698 1238 1716 1260 a
1744 1237 1835 1261 non-

1120 1271 1229 1304 nullis
1265 1272 1426 1313 tabulae,
1463 1271 1532 1307 five
1559 1274 1685 1310 affulae
1721 1276 1834 1322 illae,

1120 1318 1247 1364 quibus
1272 1319 1360 1354 olim
1387 1319 1479 1355 tecla
1506 1321 1585 1367 (uti
1611 1324 1646 1357 &
1673 1336 1767 1360 nunc
1793 1325 1833 1361 in

1120 1366 1297 1415 aliquibus
1339 1368 1464 1405 Italiae
1509 1370 1599 1407 locis
1635 1372 1833 1425 videmus)

1120 1417 1292 1466 gradatim
1307 1441 1309 1444 v
1325 1421 1602 1469 contegebantur
1616 1448 1627 1462 ‚
1664 1426 1834 1472 quemad-

1121 1468 1264 1504 modum
1281 1469 1403 1505 monui
1419 1470 1456 1506 in
1470 1472 1721 1511 Differtatione
1733 1477 1831 1513 XXI.

1118 1521 1156 1553 de
1182 1522 1278 1553 Statu
1315 1520 1452 1556 Italiae.
1491 1523 1574 1558 Illas
1611 1533 1728 1562 tamen
1767 1527 1833 1564 alii

1120 1582 1139 1604 a
1165 1570 1301 1607 scindo,
1324 1571 1502 1605 ,scandulas
1527 1585 1726 1620 nuncupare
1753 1590 1831 1614 ma-

1120 1620 1218 1654 lunt.
1256 1621 1335 1655 Hac
1371 1620 1479 1657 etiam
1507 1623 1549 1659 de
1585 1625 1700 1662 caussa
1737 1628 1830 1664 reete

1120 1679 1207 1718 puto
1248 1670 1435 1708 demetam
1475 1685 1494 1708 a
1535 1675 1705 1720 Menagio
1742 1679 1832 1724 Ety-

1120 1733 1205 1756 rnon
1241 1721 1340 1757 vocis
1380 1725 1573 1771 Scandaglio
1609 1724 1646 1761 ἃ
1687 1729 1833 1764 scanda-

1115 1772 1240 1819 gtiare,
1266 1784 1334 1816 noyn
1354 1773 1495 1820 quidem
1525 1787 1543 1810 a
1563 1778 1754 1818 Scandulis,
1775 1777 1830 1815 sed

1120 1835 1139 1858 a
1165 1823 1308 1862 scando,
1335 1836 1443 1871 quum
1471 1824 1723 1870 instrumenta,
1750 1828 1832 1878 qui-

1120 1872 1182 1919 bus
1219 1872 1444 1911 altitudinem
1482 1889 1618 1924 aquae,
1650 1878 1755 1923 vini,
1793 1893 1832 1916 a-

1119 1922 1317 1970 liarumque
1353 1938 1467 1961 rerum
1505 1926 1709 1975 perscrutari
1739 1929 1831 1967 olim

1120 1986 1197 2009 mos
1224 1972 1314 2014 fuit,
1339 1975 1478 2012 ordines
1505 1977 1676 2015 nodorum
1704 1988 1765 2015 aut
1788 1979 1832 2015 fi-

1120 2037 1269 2072 gnorum
1297 2025 1445 2062 fortaffis
1473 2027 1683 2070 habuerint,
1721 2043 1829 2066 unum

1122 2074 1221 2123 supra
1261 2075 1409 2112 alterum
1451 2077 1622 2125 gradatim
1668 2080 1833 2116 scanden-

1120 2133 1196 2169 tes,
1221 2135 1261 2165 ut
1281 2125 1438 2162 mensura
1461 2126 1565 2164 facile
1585 2129 1831 2179 colligeretur.

1069 2176 1284 2214 scaramuceia
1298 2201 1308 2211 .
1349 2180 1379 2212 V
1377 2177 1501 2213 elitau‘o
1512 2205 1522 2223 ‚
1558 2179 1659 2215 Levis
1695 2184 1811 2227 Pugna
1820 2209 1830 2219 .

1123 2225 1229 2265 Retste
1256 2227 1443 2276 Menagius
1473 2229 1508 2264 δε
1540 2229 1690 2267 Carolus
1720 2232 1832 2269 Datus

1121 2291 1141 2314 e
1166 2277 1378 2315 Germanico
1414 2278 1601 2324 schirmen‚
1639 2293 1709 2317 non
1746 2286 1830 2321 νει-ὸ

1121 2341 1140 2364 a
1168 2331 1299 2371 Scaris,
1336 2327 1387 2364 uti
1423 2329 1622 2370 Ferrarius,
1659 2330 1830 2370 deduxere

1121 2378 1210 2416 hanc
1230 2391 1374 2416 vocem.
1401 2379 1457 2414 12.st
1480 2379 1572 2415 enim
1600 2381 1701 2417 nobis
1720 2383 1830 2417 Ssher-

1120 2444 1199 2474 ma,
1235 2443 1301 2465 una
1335 2430 1496 2475 battaglia
1524 2435 1568 2466 da
1603 2433 1715 2476 burla,
1744 2433 1830 2476 fii‘a

1118 2492 1252 2528 pugna.
1284 2480 1380 2519 Huic
1407 2479 1529 2517 fimilis
1559 2482 1726 2519 Velitatio,
1764 2483 1830 2520 Sed

1121 2530 1301 2579 quomodo
1336 2544 1355 2566 e
1380 2533 1510 2567 Sherma
1544 2540 1685 2569 enatum
1713 2536 1830 2569 Scara—

1165 2583 1193 2617 P
1218 2593 1242 2630 p
1267 2593 1290 2630 p
1317 2591 1342 2629 2
1694 2596 1779 2618 muc-
