2169 3047
211 233 291 272 197

489 212 946 257 DISSERTATIO
1011 212 1418 257 TRIGESIMA.

1627 222 1708 273 198

148 271 655 324 peregrinorumquefratrum.
677 273 903 321 thuicquid
945 277 976 310 A
1011 286 1079 307 rum
1115 273 1242 307 minime
1281 272 1336 319 effe
1370 273 1542 320 credimus,
1578 290 1682 314 contra
1718 279 1771 314 hoc

148 339 191 362 ex
221 324 450 372 suprascripto
475 325 637 359 Mercato
659 324 824 371 privatim
850 326 905 360 vel

148 375 288 425 publice
314 373 452 423 exigere
480 374 644 417 deberet,
681 377 802 410 omnia
829 388 905 410 om-

147 427 234 462 nino
260 424 297 461 in
338 427 415 460 utus
454 424 710 460 Monachorum
755 438 793 460 ae
823 438 904 473 pau-

147 489 287 525 perum,
311 475 638 525 peregrinorumque
659 475 803 512 fratrum
822 489 905 511 con-

147 528 294 563 tulimus
323 527 360 562 in
402 526 630 566 alimoniam,
674 533 718 565 (9⁹
760 528 905 572 remtffio-

148 592 216 612 nem
251 578 428 613 animarum
474 577 643 619 nostrarum
689 582 814 625 Regum
853 578 907 612 vel

146 631 389 674 Imperatorum.
418 628 621 674 Precipientes
649 642 718 676 ergo
739 628 885 674 jubemus
895 652 906 668 ‚

147 690 183 714 ut
210 679 316 713 nullus
345 682 440 721 Dux,
478 680 644 719 Marchi0‚
684 683 812 723 Comes,
840 682 898 714 Ca-

139 730 286 773 staldus,
323 729 378 762 vel
416 728 649 768 Aiionarius,
702 740 759 764 aut
800 729 906 764 Astor

146 779 353 824 Reipublice,
376 778 430 822 seu
457 792 572 825 magna
596 790 759 826 parvaque
777 780 905 826 persona

146 833 185 865 de
224 829 421 864 manentibus
442 853 452 867 ,
489 829 591 874 servis
612 856 623 874 ‚
663 831 718 864 vel
757 831 905 870 ancillis,

146 880 341 924 mancipiis,
379 880 485 914 audiis
521 879 566 919 όν
594 880 745 916 audianis
767 880 907 928 predia‘li

147 929 336 973 Monasterii
360 931 529 975 opprimere
544 954 554 969 ,
580 941 638 966 aut
663 932 806 978 aliquam
833 931 902 967 vio-

148 982 280 1016 lentiam
318 981 430 1025 inferre
466 981 624 1028 presumat
658 981 772 1029 absque
807 982 906 1028 legali

148 1031 390 1067 terminatione.
427 1032 466 1066 Si
491 1033 561 1079 quis
587 1035 681 1077 verb,
708 1034 790 1080 quod
809 1033 904 1078 sutu-

1012 323 1108 366 nostre
1146 323 1347 359 aufloritatt's
1383 336 1560 371 preceptum
1609 330 1769 364 temerario

1010 375 1087 418 ausu
1113 378 1312 414 contendere,
1353 387 1409 410 aut
1450 376 1638 423 irrumpere,
1674 383 1768 414 mole-

1005 425 1109 469 stare,
1136 425 1191 459 vel
1217 426 1410 472 inquietare,
1433 427 1488 472 seu
1514 441 1685 474 evacuare,
1712 441 1769 465 aut

1010 476 1225 516 diminorare,
1251 486 1308 511 aut
1335 478 1429 512 etiam
1456 478 1608 513 invadere
1630 481 1770 527 presum-

1008 526 1104 574 pserit
1125 526 1194 568 fine
1220 527 1318 574 legali
1340 527 1482 572 judicio,
1514 529 1597 573 sciat
1626 531 1662 575 se
1688 544 1768 565 com-

1008 577 1178 624 positurum
1205 579 1331 625 argenti
1358 580 1473 614 L‘bras
1491 580 1656 627 triginta,
1684 582 1773 627 insu-

1008 640 1064 675 per
1089 628 1161 663 auri
1186 628 1290 674 obrizi
1317 630 1434 665 Libras
1462 630 1620 679 quinque,
1656 633 1773 667 medie-

984 684 987 729 (
1011 690 1108 713 tatem
1156 680 1284 714 Palatii
1328 680 1443 723 nostri,

947 729 974 762 B
1012 729 1109 772 ipsius
1146 730 1356 774 Monasterii‚
1397 732 1522 779 ejusque
1560 734 1772 769 lectioribus.

1013 782 1059 813 Et
1086 792 1121 814 ut
1146 781 1199 814 hoc
1224 781 1424 816 aufloritatis
1461 783 1557 825 nostre
1593 787 1774 831 Preceptum

1009 830 1129 874 futuris
1156 832 1342 878 temporibus
1369 835 1434 867 Deo
1452 835 1628 879 opitulante
1646 835 1774 880 firmio-

1011 894 1073 914 rem
1117 882 1256 917 obtineat
1296 883 1460 930 vigorem,

1005 931 1112 976 subter
1131 931 1361 976 firmavimus,
1398 933 1445 972 ἐφ’
1471 935 1564 969 anuli
1590 936 1684 980 nostri
1712 938 1773 971 im»

976 979 983 1069 l
1009 982 1155 1028 preffione
1180 983 1347 1032 adsignari
1366 984 1536 1031 juffimus.

1575 684 1773 719 medietatem

1512 898 1608 919 manu
1647 887 1774 932 propria

347 1233 482 1282 Signum
508 1234 629 1270 Domni
688 1146 938 1326 DXA
992 1235 1139 1271 VVidonis
1165 1228 1365 1282 Imperatoris
1390 1239 1535 1288 Augusti
1548 1267 1557 1277 .

760 1311 878 1377 V

548 1410 768 1448 Defideratur
795 1411 1001 1460 subscriptio
1029 1413 1244 1450 Cancessarii
1273 1415 1495 1463 Imperialis.

197 1487 288 1520 Data
315 1484 436 1519 XVIII.
465 1486 630 1520 Kalendas
657 1487 796 1521 Oflobris
813 1514 822 1528 ‚
849 1487 1027 1521 Indiffione
1054 1490 1111 1523 XI.
1138 1493 1240 1524 Anno
1269 1492 1497 1527 lncarnationi's
1523 1494 1655 1531 Domini
1681 1495 1776 1541 nostri

137 1537 219 1580 JeJu
245 1535 364 1578 christi
391 1537 615 1570 DCCCXCII.
641 1540 743 1571 Anno
769 1537 878 1584 Regni
906 1538 1022 1572 Domni
1049 1539 1197 1574 Widonis
1222 1542 1279 1576 IV.
1307 1543 1436 1586 Imperii
1462 1546 1507 1580 II.

193 1634 319 1672 Aflum
346 1637 477 1671 Roxelle
504 1637 537 1671 in
566 1637 628 1673 Dei
655 1637 777 1671 nomine
797 1637 952 1682 feliciter.
977 1640 1106 1674 Amen.

195 1735 253 1771 Ad
294 1736 386 1771 hunc
429 1736 570 1771 Petrum
609 1736 786 1772 Abbatem
830 1736 900 1780 spe·
945 1737 978 1774 C
1016 1739 1223 1775 nonicorum
1254 1742 1488 1779 Parmenflum
1518 1744 1707 1790 eddium,
1737 1748 1775 1783 in

143 1785 241 1822 &ant
278 1786 347 1822 alia
384 1797 638 1829 monumenta,
666 1800 754 1835 quae
793 1788 903 1823 adfert

144 1837 330 1886 Ughellius
350 1838 470 1873 Tomo
491 1849 524 1885 3.
548 1839 624 1873 Ital.
647 1841 738 1875 Sacr.
760 1837 795 1873 in
818 1838 900 1885 Epi·

144 1886 323 1936 scoporum
347 1887 571 1924 Clusmorum
600 1890 783 1937 catalogo.
811 1889 901 1924 Heic

143 1948 260 1974 autem
297 1938 462 1975 babemus
499 1939 678 1984 Epocham
719 1939 831 1988 Regni
868 1941 900 1974 &

145 1987 288 2036 Imperii
327 1989 501 2025 Guidonis
544 1990 768 2038 Imperatoris
810 1990 902 2026 reike

146 2038 316 2087 positam.
354 2040 479 2088 Pagius
517 2040 552 2076 in
590 2041 718 2077 Critic.
757 2041 900 2076 Baronii

147 2089 188 2124 ad
217 2092 359 2125 Annum
395 2092 642 2128 DCCCXCH.
681 2101 721 2127 ut
757 2091 899 2127 Batonii

145 2153 294 2175 errorem
334 2140 396 2176 hac
435 2140 473 2176 in
512 2155 547 2177 re
587 2143 779 2182 emendet,
818 2142 900 2178 haec

146 2189 292 2225 scribit:
322 2192 472 2237 Sigonius
500 2192 532 2226 in
561 2192 635 2228 Lib.
664 2194 698 2230 6.
726 2195 764 2227 de
791 2197 903 2240 Regno
945 2193 977 2226 D

144 2241 220 2275 Ital.
247 2254 283 2275 ex
307 2241 401 2284 probo
426 2242 532 2288 aliquo
560 2245 766 2290 antiquitatis
792 2258 899 2278 monu—

145 2302 247 2325 mento
280 2291 438 2335 hauserit,
464 2297 545 2339 quod
573 2295 706 2338 scribit,
739 2297 901 2329 Widonem

145 2353 249 2386 nempe
273 2344 485 2386 Imperatorem
509 2358 528 2377 a
549 2345 706 2389 Stephano
728 2344 899 2389 Pontifise,

145 2395 203 2427 IX.
231 2393 397 2428 Kalendas
424 2394 546 2428 Martii
569 2398 669 2429 Anno
694 2398 900 2431 DCCCXCI.

143 2453 316 2477 coronatum
345 2442 420 2488 effe,
458 2443 524 2479 hoc
559 2444 604 2480 est
631 2444 686 2480 die
717 2447 809 2480 XXI.
839 2449 901 2481 Fe-

146 2493 295 2529 bruarii.
320 2494 421 2529 Unde
445 2494 510 2530 hoc
531 2495 697 2531 didicerit
717 2495 901 2543 Sigonius,

146 2557 207 2591 ego
234 2544 369 2580 fortasse
394 2545 509 2590 digito
539 2557 699 2594 tangam.
728 2546 783 2581 Est
812 2547 901 2582 mihi

146 2594 314 2642 Diploma
348 2609 392 2631 ex
431 2587 592 2633 habim
630 2596 794 2646 Capituli
830 2585 935 2634 Ca-³

1015 1802 1086 1835 quo
1115 1789 1300 1826 chronicae
1329 1792 1410 1827 istae
1431 1804 1533 1830 notae
1560 1807 1774 1834 occurrunt:

1016 1842 1106 1874 Data
1133 1842 1190 1875 IX.
1219 1842 1387 1877 Kalendas
1417 1846 1563 1889 Martii,
1600 1847 1778 1883 Indic'lione

1016 1891 1074 1924 IX.
1099 1894 1200 1924 Anno
1227 1893 1458 1927 Incarnationis
1483 1897 1615 1931 Domini
1641 1900 1777 1934 DCCC·

1017 1942 1103 1974 XCI.
1131 1944 1300 1987 Regnante
1327 1946 1448 1978 Damno
1485 1948 1619 1981 Widone
1648 1949 1681 1982 in
1709 1952 1778 1983 Ita-

1016 1991 1064 2025 lia
1089 1994 1190 2026 ..Anno
1217 1995 1326 2039 Regni
1352 1994 1419 2039 ejus
1446 1997 1505 2030 III.
1534 1998 1661 2044 Imperii
1688 1999 1778 2034 illius

1015 2041 1067 2075 die
1093 2043 1225 2078 Prima.
1261 2044 1386 2079 Afi‘um
1416 2049 1558 2083 Romae.
1599 2049 1777 2086 Praeterea

1019 2091 1189 2140 Diploma
1230 2092 1341 2130 fimile
1384 2096 1551 2143 produxit
1587 2099 1776 2147 Ughellius

990 2144 1122 2178 ‘Torn.
1156 2155 1188 2179 2.
1225 2144 1261 2179 in
1300 2145 1460 2194 Episcop.
1491 2149 1698 2186 Parmenfib.
1730 2151 1776 2186 ii-

1018 2192 1108 2228 sdem
1151 2194 1245 2230 notis
1286 2205 1475 2233 ornatum:
1517 2198 1629 2235 immo
1670 2214 1776 2249 prope

1017 2243 1084 2279 fuit
1101 2271 1110 2288 ‚
1139 2255 1178 2281 ut
1205 2246 1246 2281 ab
1272 2245 1338 2282 hoc
1362 2249 1559 2297 evulgando
1584 2263 1648 2298 ego
1673 2252 1775 2287 absti-

1016 2308 1131 2330 nerem
1151 2323 1160 2339 ‚
1188 2296 1280 2344 quod
1320 2298 1435 2342 primo
1469 2300 1605 2347 aipee‘stu
1636 2301 1775 2350 Ughel-

1016 2345 1083 2380 lius
1112 2347 1333 2383 antevertiss‘e
1360 2348 1541 2385 confilium
1572 2364 1688 2387 meum
1718 2353 1774 2388 vi-

1017 2395 1069 2431 sus
1106 2397 1195 2432 mihi
1233 2397 1376 2434 fuiffet.
1413 2399 1475 2435 Sed
1514 2413 1621 2448 quum
1662 2403 1772 2450 postea

1016 2445 1150 2482 diversa
1192 2448 1255 2484 effe
1297 2448 1501 2497 Diplomata
1541 2451 1773 2501 deprehende-

1016 2496 1082 2533 rim
1101 2525 1111 2540 ,
1147 2497 1234 2534 iflud
1261 2513 1400 2548 quoque
1436 2502 1588 2538 tenebris
1614 2512 1772 2550 ereptum

1016 2547 1093 2584 heic
1123 2551 1206 2583 volo
1221 2575 1230 2584 .

1620 2600 1722 2638 Cen.-

1120 2600 1205 2634 Nx.
