2169 3047
405 225 486 263 223
729 202 1131 261 ANTJQHT,
1177 199 1410 243 MEDJJ
1457 200 1640 245 AEVJ
1829 219 1913 260 224

344 268 498 303 Phocam
525 277 601 314 pag.
628 267 714 311 487.
743 265 853 300 Tomi
883 264 929 300 II.
962 265 1038 297 Rer.
1071 263 1103 297 I·
1147 264 1177 298 A
1214 260 1344 303 vicum,
1393 260 1627 307 peregrinarum
1666 262 1790 308 quidem
1830 265 1973 298 mercium

345 320 556 353 talicarurn.
597 317 688 351 Nam
727 328 833 361 quum
872 314 901 349 is
940 312 1103 360 pretiosas

345 367 509 415 quasdam
539 366 642 401 vestes
671 378 783 401 emere
804 363 1097 411 Constantinopo-

345 419 374 453 li
396 432 412 453 a
433 417 575 453 Graecis
605 416 867 464 prohiberetur,
889 414 939 450 eis
967 413 1100 460 respon-

345 469 474 508 debat,
508 468 656 503 minime
682 479 756 502 rara
784 466 848 502 effe
875 467 964 512 apud
994 464 1103 499 Italos

346 518 517 567 ejusmodi
545 519 678 553 Pallia.
717 516 918 551 Petentibus
946 515 1011 552 iis,
1040 527 1098 548 un-

345 570 388 605 de
424 570 508 605 haec
537 567 641 603 Italia
677 570 878 613 acciperet,
915 564 1104 613 reponebat

346 618 612 666 Luitprandus:
650 620 692 652 A
720 616 874 650 Veneticis
909 614 955 652 ψ’
982 615 1102 649 Amal-

344 671 488 717 phitanis
517 667 710 710 institoribus
726 691 736 706 ‚
765 666 819 712 qui
849 665 957 708 nostris
985 678 1021 698 ex
1049 664 1101 698 ὐἱ-

347 718 530 762 equalibus,
550 719 622 753 haec
643 717 768 761 ferendo
789 717 896 759 nobis,
921 715 1024 749 vitam
1043 728 1102 748 nu-

346 771 450 803 triunt
470 770 580 813 suam.
606 767 735 803 Tradit
759 766 865 801 etiam
894 766 987 801 idem
1012 764 1102 800 Scri-

346 828 448 867 ptor,
484 823 522 855 in
552 818 708 854 exercitu
737 819 950 852 Graecorum
982 825 1103 850 contra

347 870 507 915 Assyrios
527 868 650 905 ceteris
671 867 869 916 praestitisse
887 867 1044 900 Veneticos
1060 867 1104 899 (9⁴

347 921 631 964 αῙνηαΙρΙήιαηοςς
670 917 763 965 quod
806 916 918 965 specie
958 915 1104 952 ridentis

347 971 469 1011 effert,
489 968 581 1017 quasi
607 968 643 1004 id
670 967 853 1003 hominum
880 980 987 1015 genus
1011 979 1029 1001 e
1055 965 1103 1000 sa-

348 1021 500 1069 gacitate
526 1018 642 1067 potius
664 1031 703 1054 ac
730 1017 871 1053 solertia
892 1019 928 1053 in
950 1029 1106 1052 mercan-

347 1072 415 1109 do,
436 1070 541 1117 quam
568 1083 587 1104 e
613 1068 822 1103 fortitudine
850 1067 888 1102 in
917 1065 1106 1102 militando

347 1120 548 1169 spestabilis
575 1128 659 1154 tunc
684 1117 802 1152 foret.
831 1117 966 1164 Accipe
993 1129 1106 1156 nunc,

348 1171 434 1217 quid
464 1170 506 1205 de
537 1167 789 1216 Amalphltana
818 1167 980 1203 Civitate
1005 1168 1107 1202 Secu-

348 1221 386 1256 lo
423 1219 555 1256 Christi
586 1222 646 1254 XI.
682 1216 855 1265 scripserit
891 1216 1106 1253 Guilielmus

348 1272 488 1320 Apulus
513 1270 597 1309 Lib.
626 1281 659 1317 3.
686 1269 727 1304 de
756 1268 991 1305 Normannis:

400 1373 480 1406 Urbs
503 1372 578 1405 haec
601 1370 695 1404 dlves
718 1380 830 1416 opum,
853 1369 1031 1414 Populoque
1057 1380 1106 1402 re-

497 1422 580 1465 ferta
606 1421 736 1454 videtur
750 1445 759 1454 .

397 1472 503 1508 Nulla
530 1471 631 1518 magis
657 1469 792 1515 locuples
817 1477 946 1515 argento
962 1490 973 1507 ,
1008 1467 1104 1510 vesti-

500 1522 558 1557 bus
574 1549 583 1565 ‚
609 1533 684 1556 auro
701 1545 710 1554 .

395 1572 547 1609 Partibus
578 1569 773 1608 innumeris,
801 1582 837 1604 ac
859 1568 1016 1616 plurimus
1044 1571 1104 1604 Ur-

499 1624 535 1657 be
559 1632 696 1656 moratur

396 1675 510 1707 Nauta
526 1699 536 1715 ,
561 1671 664 1707 maris
679 1697 691 1715 ,
719 1669 856 1716 caelique
880 1669 956 1704 vias
982 1668 1106 1714 aperire

496 1732 616 1768 perltus
629 1747 639 1756 ι

374 1776 446 1808 Huc
464 1771 511 1809 θ’
538 1770 722 1807 Alexandri
746 1770 875 1815 diversa
895 1769 1041 1813 feruntur
1065 1770 1107 1806 ab

500 1821 582 1857 Urbe
598 1847 608 1865 ‚

396 1873 500 1920 Regis
528 1871 573 1909 (37
600 1869 759 1909 ,Antiochi
774 1895 783 1905 .
809 1872 898 1909 Haec
919 1869 1004 1913 freta
1030 1869 1105 1913 plu-

499 1922 580 1956 rima
602 1919 743 1961 transit.

397 1973 462 2009 His
487 1974 640 2014 Arabes,
666 1970 768 2015 Indi,
792 1969 897 2009 Siculi
922 1969 1106 2014 nost-untur,

496 2024 542 2057 (9¹
569 2022 652 2065 Afri
667 2046 676 2056 .

395 2077 484 2110 Haec
505 2086 583 2120 gens
614 2071 656 2114 est
685 2081 784 2105 totum
810 2080 905 2117 prope
933 2068 1107 2105 nobilitata

497 2135 552 2167 per
578 2123 688 2156 Orbem
704 2148 714 2164 ,

397 2176 446 2209 ,Es
472 2177 636 2207 mercanda
660 2172 790 2215 ferens,
817 2169 863 2208 ό*
889 2183 1001 2206 amans
1026 2182 1105 2204 mer-

499 2235 568 2258 cata
596 2222 708 2266 referre
724 2247 733 2256 .

347 2326 445 2360 Haec
485 2322 562 2358 sane
600 2321 786 2370 magnifica
821 2320 864 2356 de
904 2319 1104 2368 hujusmodi

349 2375 505 2420 Populo.
550 2376 657 2421 Hugo
694 2373 801 2408 etiam
838 2372 1030 2409 fulcandus
1068 2371 1102 2405 in

350 2425 566 2461 praefatione
596 2425 634 2459 ad
666 2424 803 2459 Histor.
841 2422 946 2457 Sicul.
979 2423 1103 2456 Panor-

350 2489 444 2510 mum
465 2478 570 2511 Anno
593 2474 868 2510 MthxxIx.
889 2471 1103 2514 describens,

348 2537 520 2565 memorat
558 2526 611 2561 >ibi
649 2524 796 2573 positum
832 2521 1105 2568 Amalfitanorum

1214 310 1300 356 cupid
1326 311 1529 357 locupletem,
1565 312 1598 345 in
1633 325 1692 358 quo
1718 313 1813 355 vestes
1855 314 1974 355 diversi

1215 361 1319 394 coloris
1345 374 1380 395 ac
1403 361 1500 408 pretii
1516 358 1535 405 ,*
1553 372 1618 396 tam
1645 364 1788 406 Sericae,
1816 366 1908 410 qucim
1935 366 1974 400 de

1215 411 1337 444 Gallico
1362 421 1518 446 contextae
1535 413 1672 457 vellere,
1699 415 1864 449 emtoribus
1883 426 1975 462 expo-

1217 471 1358 496 nuntur.
1395 461 1553 497 Chorum
1592 464 1731 499 claudat
1757 466 1973 502 Guilielmus

1217 510 1509 560 Archiepiscopus
1539 513 1671 558 Tyrius
1703 514 1782 550 Lib.
1814 518 1870 551 18.
1903 517 1974 552 Hi-

1217 560 1292 596 stor.
1320 563 1437 604 Sacr.,
1475 563 1535 608 qui
1573 563 1644 609 post
1678 563 1888 611 descriptum
1915 569 1974 602 A-

1217 611 1433 654 malphitanae
1456 611 1614 645 Civitatis
1638 612 1738 647 fitum
1753 640 1762 654 ,
1786 614 1870 650 haec
1897 616 1974 651 iub-

1216 661 1298 696 dit:
1346 662 1455 705 Hujus
1499 662 1634 708 regionis
1676 663 1866 698 habitatores
1887 693 1898 709 ‚
1938 676 1974 700 ut

1156 728 1182 761 B
1212 712 1454 757 praediximus,
1490 713 1588 756 primi
1622 726 1734 747 merces
1765 717 1974 762 peregrinas,

1217 762 1259 795 (9⁰
1284 775 1361 808 quas
1386 762 1496 796 Oriens
1523 775 1583 796 non
1611 774 1741 798 noverat
1755 788 1766 803 ‚
1802 768 1846 800 ad
1875 766 1975 813 supra

1216 814 1393 847 nominatas
1416 822 1522 856 partes
1549 811 1645 859 (hoc
1672 813 1715 849 est
1741 815 1783 850 ad
1813 818 1973 865 Regnum

1216 861 1545 907 1-11er0s01ym0rum
1567 887 1577 901 ‚
1618 864 1752 909 Syriam
1775 892 1785 907 ‚
1824 864 1864 902 &
1900 869 1974 902 Ae-

1215 913 1392 960 gyptum)
1432 913 1512 946 lucri
1547 913 1688 954 faciendi
1725 915 1834 955 cauſsa?
1876 917 1973 959 infer-

1216 976 1247 996 re
1273 972 1500 997 tentaverunt.
1539 963 1637 998 Haec
1671 963 1713 998 ab
1746 965 1976 1013 Amalphita-

1216 1012 1269 1047 nis
1300 1011 1376 1047 ach
1407 1022 1487 1047 ante
1520 1022 1692 1060 receptam
1724 1016 1833 1050 Anno
1868 1016 1976 1052 Chri-

1215 1061 1255 1096 sti
1290 1063 1466 1097 MXCIX.
1509 1062 1793 1108 Hierosolymam
1823 1078 1840 1100 a
1869 1066 1976 1102 Chri-

1215 1111 1401 1147 stianorum
1430 1112 1610 1161 exercitu3
1639 1113 1737 1161 iique
1764 1114 1800 1149 in
1829 1115 1901 1163 ipsa
1924 1115 1976 1151 sa-

1192 1175 1270 1211 3cra
1301 1163 1396 1198 Urbe
1425 1172 1507 1198 tunc
1536 1163 1718 1211 Aegyptio
1745 1165 1891 1200 Sultano
1920 1165 1976 1202 su-

1217 1212 1328 1261 bjecsta
1365 1213 1615 1248 constituerant
1655 1215 1726 1249 duo
1764 1215 1975 1259 Coenobia‚

1216 1273 1320 1310 atque
1366 1276 1472 1299 unum
1522 1263 1789 1300 Xenodochium
1807 1291 1816 1301 .
1856 1268 1975 1312 Quare

1216 1313 1314 1349 vides
1341 1314 1456 1362 gentis
1484 1313 1576 1349 vires
1602 1315 1636 1349 8c
1673 1314 1802 1350 famam
1833 1316 1977 1352 vetustis

1216 1363 1434 1412 temporibus
1460 1365 1531 1399 late
1560 1375 1782 1414 propagatam
1800 1392 1810 1402 .
1848 1366 1975 1403 Acces-

1216 1413 1286 1450 sere
1313 1414 1438 1450 delnde
1464 1415 1577 1458 Pisani
1603 1416 1637 1449 8(
1677 1416 1872 1460 Genuenses,
1913 1417 1976 1464 qui

1217 1463 1400 1510 praecipue
1428 1464 1498 1510 post
1522 1466 1668 1498 Annum
1690 1477 1708 1498 a
1728 1465 1867 1500 Christo
1891 1476 1977 1502 nato

1218 1511 1452 1549 Millefimum
1487 1525 1556 1547 non
1587 1523 1814 1549 mercaturam
1837 1525 1977 1553 tantum

1217 1562 1355 1607 facere,
1384 1562 1438 1598 sed
1464 1563 1499 1599 ,δε
1528 1563 1644 1599 classes
1682 1574 1803 1600 contra
1840 1568 1979 1603 Sarace-

1155 1628 1188 1662 D
1219 1627 1281 1649 nos
1311 1626 1426 1660 parare
1450 1624 1667 1663 coeperunt3
1694 1614 1843 1652 fortassis
1867 1617 1978 1653 etiam

1212 1665 1251 1700 ἃ
1282 1664 1464 1712 piraticam
1493 1677 1674 1700 exercere.
1718 1665 1814 1702 Pisae
1840 1667 1878 1703 in
1906 1667 1979 1711 pri·-

1217 1714 1286 1749 mis
1326 1716 1532 1760 opulentum
1574 1714 1827 1751 Mediterranei
1872 1718 1978 1753 maris

1218 1762 1414 1811 emporium
1444 1762 1563 1797 senfim
1591 1762 1793 1799 evaserunt.
1831 1766 1979 1802 Gaufre-

1219 1813 1281 1848 dus
1310 1813 1498 1848 Malaterra
1526 1812 1609 1848 Lib.
1638 1825 1671 1849 2.
1699 1815 1785 1861 Cap.
1821 1827 1880 1862 34.
1907 1815 1979 1852 Hi-

1219 1863 1294 1899 stor.
1322 1863 1457 1898 Siculae
1483 1863 1523 1898 ad
1552 1865 1696 1898 Annum
1716 1865 1896 1901 MLxm.
1917 1880 1979 1903 au-

1219 1913 1296 1951 &or
1335 1913 1405 1953 est,
1456 1914 1587 1957 Pisanos
1629 1917 1816 1949 Merentem
1850 1916 1979 1961 saepius

1220 1965 1336 2000 navali
1361 1965 1531 1999 commercio
1556 1967 1747 1999 Panormum
1775 1966 1787 2012 (
1807 1976 1889 2002 tunc
1918 1969 1979 2002 Sa-

1219 2013 1352 2051 racenis
1381 2013 1603 2063 subjecium)
1631 2016 1739 2049 venire
1759 2017 1869 2060 solitos
1892 2016 1979 2061 fuss-

1158 2065 1268 2111 fise.
1296 2064 1409 2106 Addit
1443 2065 1526 2101 Lib.
1557 2078 1598 2112 4.
1635 2067 1723 2112 Cap.
1759 2079 1792 2113 3.
1820 2067 1978 2110 Pisanos,

1220 2116 1275 2163 qui
1299 2118 1387 2162 apud
1410 2115 1560 2158 Africam
1587 2117 1774 2161 negotiando
1806 2116 1979 2163 proficisce-

1219 2169 1355 2206 bantur,
1382 2167 1532 2212 quasdam
1560 2166 1695 2210 injurias
1712 2166 1838 2213 pastos,
1865 2167 1978 2202 exerci-

1219 2227 1255 2250 tu
1296 2228 1475 2264 congregato
1491 2241 1501 2256 ‚
1543 2216 1659 2256 :Urbem
1699 2218 1836 2264 Regiam
1877 2217 1978 2264 Regis

1220 2268 1348 2301 Tunicit
1375 2278 1609 2314 oppugnantes,
1646 2267 1738 2314 usque
1762 2269 1806 2302 ad
1830 2268 1977 2313 majorem

1220 2318 1368 2360 Turrim,
1396 2331 1457 2364 qua
1485 2323 1556 2352 Rex
1578 2317 1823 2360 defendebatur,
1850 2314 1976 2361 cepiffe.

1220 2368 1350 2403 Aditus
1377 2381 1516 2416 quoque
1541 2367 1612 2404 fuit
1639 2367 1680 2403 ad
1712 2377 1846 2414 portum
1882 2366 1976 2401 Pisa-

1219 2431 1326 2462 num,
1352 2428 1456 2466 atque
1480 2419 1524 2457 ,ad
1554 2417 1660 2467 ipsam
1689 2416 1886 2451 Civitatem
1912 2429 1975 2452 na-

1222 2470 1321 2504 vibus
1362 2471 1632 2504 Saracenorum:
1682 2479 1784 2513 quam
1829 2466 1974 2502 liberta-

1219 2528 1317 2563 tem,
1357 2532 1397 2555 ac
1423 2531 1556 2554 morem
1593 2516 1734 2553 Donizo
1774 2516 1974 2554 Monachus

1836 2566 1919 2603 Lib.
