2169 3047
344 202 426 251 391

334 322 393 344 m.
428 308 594 343 Blandiri.
621 310 723 343 Hanc
749 319 870 342 vocem
899 319 916 340 a
944 307 1050 346 Grae-

336 381 380 405 co
401 361 543 415 Μιμώ,
562 367 778 416 significante
800 366 935 400 Simiam
949 393 958 408 ,
974 366 1052 399 Me·

336 432 461 468 magius
503 419 701 454 derivatam
745 427 867 466 putat.
912 418 1053 451 Poterat

338 471 372 506 8<
402 483 420 505 a
448 471 581 505 Latino
610 472 735 503 Mrmus
772 467 952 503 derivare.
991 464 1053 501 sed

338 533 452 568 neque
477 519 710 567 significatio,
734 530 844 565 neque
871 517 1053 552 literarum

339 571 427 607 ordo
464 570 707 605 consentiunt.
745 566 987 609 ariminenses,
1018 579 1053 601 a·

340 623 453 668 liique
495 619 731 656 Lombardiae
773 616 923 665 Populi,
960 616 1053 664 quod

340 671 482 710 Latinis
520 670 564 705 est
601 670 737 709 Mollis,
777 668 957 711 Madidus,
995 680 1055 715 ap-

340 724 477 772 pellant
504 720 616 763 Mojo.
651 719 735 755 Inde
763 719 864 753 nobis
891 717 1054 762 Smojare,

339 772 425 808 idest
448 773 584 807 Pannos
605 770 692 818 aqua
713 770 872 812 abluere,
896 769 953 803 vel
978 768 1055 801 mol-

340 824 386 858 les
405 822 524 867 facere.
546 820 654 857 Tusci
680 820 791 855 adhuc
816 819 940 854 dicunt
966 818 1055 852 Mol-

342 875 393 913 le,
421 886 508 920 quae
536 886 606 908 vox
645 871 733 919 apud
762 882 842 912 eos,
871 869 977 905 etiam
1016 868 1057 903 s1-

343 924 490 972 gnificat
526 922 706 958 hominem
743 925 880 964 Lenem,
919 921 1057 957 Mitem,

344 976 479 1010 Mollem
496 999 505 1014 ‚
547 973 728 1010 Delicatum
745 999 755 1016 ,
798 971 1031 1018 ,Effeminatum
1047 996 1056 1006 .

344 1028 407 1061 An
435 1024 516 1060 inde
543 1033 661 1060 ortum
699 1023 860 1058 habuerit
895 1021 1059 1056 Smoinare

346 1074 385 1111 &
414 1076 539 1110 Smoine
575 1073 874 1117 Lombardicum,
910 1085 974 1119 pro
1010 1073 1059 1104 Ε-

345 1126 493 1169 mollire,
534 1125 591 1160 seu
635 1123 829 1166 Molltficare
869 1121 1059 1163 blanditiis,

348 1188 454 1223 quam
482 1187 604 1210 vocem
633 1172 743 1209 Tusci
777 1171 888 1220 postea
916 1171 1061 1219 adopta-

348 1226 444 1266 rint‚
472 1225 626 1260 dicentes
664 1223 798 1266 Moine,
826 1221 967 1258 Eruditi
1005 1222 1062 1257 vi-

300 1271 302 1273 ·
349 1278 474 1312 deant.
501 1278 679 1309 Praeterea
705 1274 746 1307 ab
773 1272 941 1318 Hispanis
964 1275 1063 1317 Moy-

349 1339 388 1362 ne
425 1325 620 1370 appellatur
647 1322 724 1363 vir,
752 1321 813 1366 qui
847 1321 942 1360 facile
973 1321 1006 1352 in
1035 1321 1064 1353 i-

349 1375 533 1410 racundiam
568 1371 714 1417 prosilit:
744 1370 777 1403 δε
809 1369 966 1412 Mohina‚
995 1371 1065 1403 Ira—

349 1425 487 1463 cundia.
530 1423 613 1458 Inde
655 1420 837 1456 Amobinar
854 1446 864 1462 ‚
906 1419 940 1453 in
981 1421 1066 1455 Iram

350 1478 528 1513 adducere.
571 1473 741 1519 Aliquem
784 1483 866 1518 ergo
908 1469 1037 1505 iratum
1056 1496 1066 1515 ,

352 1536 414 1564 aut
441 1525 483 1561 ad
510 1523 728 1560 iracundiam
757 1533 907 1569 pronum
935 1523 1068 1556 mulce-

351 1591 410 1617 re,
439 1589 477 1612 ac
505 1574 642 1610 blandis
676 1572 792 1609 verbis
820 1570 860 1606 ad
899 1570 956 1607 sua
986 1580 1069 1607 vota

351 1627 509 1666 trahere,
547 1625 783 1671 Desamoynar‚
822 1631 881 1658 aut
918 1623 1069 1670 Desmqy-

351 1691 412 1713 nar
431 1677 565 1713 dietum
585 1675 723 1715 ‚fortafl'e
741 1673 846 1709 fuerit
859 1701 869 1718 ‚
891 1674 984 1722 quod
1007 1687 1069 1711 nos

349 1728 570 1772 Lornbardi‚
599 1725 736 1777 abjec‘io
770 1738 832 1774 pro
871 1738 968 1761 more
998 1728 1069 1770 De,

351 1779 631 1817 converterimus
655 1779 693 1814 in
717 1776 888 1821 Smoinar,
914 1779 983 1813 Far
1002 1777 1071 1811 del-

351 1830 382 1864 le
404 1831 548 1866 Smoine.
574 1828 684 1867 Tusci
709 1831 791 1863 vero
816 1827 923 1863 etiam
948 1831 983 1863 5.
1011 1827 1071 1863 de-

352 1880 467 1917 traE‘to
495 1881 652 1917 dixerint
683 1882 752 1917 Far
777 1880 860 1915 delle
887 1880 1019 1914 Moine.

302 1932 490 1979 Mongana,
531 1932 658 1967 Vitulus
694 1930 836 1967 laelens.
872 1931 907 1966 A
939 1930 1072 1976 Mulgeo

354 1981 408 2018 ita
434 1983 621 2030 Menagius
658 1980 771 2018 trahit
808 1981 897 2016 hanc
925 1993 1070 2016 vocem.

353 2041 512 2088 Mulgus,
528 2042 668 2088 Mulga‚
685 2043 882 2089 Miclganus‚
899 2039 936 2076 &
956 2036 1074 2087 τροπῇ

355 2093 546 2136 Mongarm,
574 2093 648 2127 Cur
675 2103 745 2125 non
775 2091 915 2139 propius
941 2091 983 2125 ab
1011 2103 1072 2125 an-

354 2140 554 2188 tiquiffirn‘o
590 2141 698 2177 verbo
725 2143 902 2187 Mungere,
929 2144 1072 2186 ,Magne-

354 2203 413 2229 νε,
451 2191 544 2226 idem
583 2190 801 2239 fignificante
845 2203 883 2226 ac
920 2191 1072 2227 Latino-

355 2253 432 2277 rum
462 2241 630 2287 Mulgere‚

306 2293 479 2328 Momm.
501 2292 620 2327 Aries.
645 2290 820 2327 Vocabuli
849 2290 948 2339 hujus
973 2304 1071 2329 men-

356 2343 492 2379 tionem
532 2341 648 2383 facio,
676 2354 746 2377 non
784 2350 822 2377 ut
858 2343 930 2391 ejus
959 2342 1071 2391 origi-

356 2405 436 2430 nem
467 2392 641 2430 adferam.
670 2395 767 2429 Haec
796 2392 889 2429 enim
922 2393 1010 2428 mihi
1039 2392 1069 2427 i-

355 2455 492 2494 gnota;
520 2444 575 2480 sed
604 2453 642 2479 ut
673 2444 930 2480 animadvertas
967 2443 1071 2479 inane

355 2495 396 2532 in
433 2494 497 2531 hac
534 2510 569 2532 re
605 2494 755 2530 aliorum
795 2494 965 2531 studium.
1002 2495 1070 2529 Bo—

359 2545 500 2583 chartus
522 2547 560 2583 in
586 2545 803 2583 Hierozoico
827 2559 846 2582 a
869 2544 981 2581 Monte
1006 2557 1070 2580 vo·

689 195 1075 253 ANTIQUIT.
1110 194 1324 240 MEDII
1360 196 1521 239 AEVI

282 261 394 293 Maiae
421 256 547 298 plurali
572 269 738 292 numero.
765 259 833 290 Far
854 258 936 290 delle
963 258 1048 294 Moi-

1097 257 1126 292 A

1780 201 1802 240 8
1841 215 1862 243 2

1216 268 1290 290 cem
1313 255 1402 292 hanc
1420 256 1552 301 trahit,
1573 256 1647 304 quia
1670 216 1831 292 montibu?
1841 271 1923 304 gau-

1215 307 1269 341 det
1304 307 1436 341 ovillum
1475 318 1589 354 pecus.
1627 310 1783 353 Etymon
1826 309 1927 356 plane
1968 318 1971 319 ’

1216 356 1396 402 ineptum.
1422 358 1597 394 Ferrarius
1625 372 1643 393 a
1670 362 1839 398 Montare,
1868 372 1928 394 ve-

1217 407 1396 444 rifimilius
1436 409 1545 456 ipsam
1587 409 1755 445 deducit.
1795 409 1859 445 Sed
1899 409 1929 444 is

1217 458 1377 507 fallitur3
1407 471 1518 505 neque
1555 459 1649 494 enim
1687 460 1790 495 unius
1821 460 1928 496 Arie-

1217 510 1263 544 tis
1288 509 1324 544 id
1351 509 1530 556 proprium
1555 508 1620 543 est.
1647 511 1680 543 A
1710 512 1822 549 Muto,
1848 513 1929 544 Mu-

1216 560 1321 600 tonis,
1359 571 1421 605 pro
1461 558 1683 597 Maronianus,
1713 557 1797 593 idest
1833 560 1927 594 testi-

1219 611 1315 644 culos
1354 608 1508 652 habens,
1545 607 1732 655 Menagius
1769 608 1927 644 derivat:

1218 663 1301 694 unde
1330 661 1487 693 Mutunus
1522 660 1617 706 apud⁴
1634 660 1836 704 Amnestum,
1864 664 1930 695 La-

1219 709 1401 748 ίῖαηιίτιννι,
1432 711 1475 744 (9·
1502 709 1720 757 Augustinum
1745 721 1801 756 pro
1835 712 1931 744 Pria—

1217 769 1278 805 po.
1308 760 1371 795 Sed
1399 760 1468 795 alia
1496 760 1540 795 est
1576 759 1786 809 significatio
1815 764 1931 795 Mutu-

1221 810 1282 853 m',
1318 812 1351 845 δε
1389 812 1597 847 Mutuniaei.
1635 812 1742 858 Quod
1780 811 1932 854 mirere,

1221 861 1361 897 Gallica
1388 861 1529 911 Lingua
1557 861 1660 897 habet
1691 865 1848 903 Momm,
1876 861 1930 896 sed

1223 921 1261 948 ut
1298 911 1468 961 significet
1507 915 1667 947 Vervecem
1704 912 1855 956 (Italice
1891 926 1934 945 un

1222 963 1391 1011 Castrum)
1420 977 1480 998 non
1511 965 1679 1008 Arietem,
1707 962 1935 1011 significatio-

1221 1027 1265 1049 ne
1294 1013 1428 1062 prorsus
1457 1015 1571 1049 aliena
1599 1014 1641 1049 ab
1680 1015 1806 1049 Italico
1835 1016 1935 1047 Man-

1221 1075 1309 1099 tone.
1336 1065 1452 1100 Medii
1481 1064 1559 1100 aevi
1598 1064 1790 1113 Scriptores
1818 1064 1936 1110 appel-

1221 1114 1339 1148 larunt
1364 1115 1526 1147 Multones
1546 1115 1710 1157 Arietes,
1732 1128 1819 1162 quos
1845 1126 1936 1148 nunc

1221 1164 1374 1198 Montani
1416 1163 1596 1212 dicimusg
1640 1177 1750 1210 neque
1796 1165 1935 1198 tansum

1223 1213 1343 1253 Galli,
1373 1212 1426 1248 sed
1456 1214 1488 1248 8<
1520 1215 1625 1255 Itali,
1653 1223 1693 1248 ut
1728 1213 1858 1248 constat
1895 1226 1938 1247 ex

1223 1263 1360 1298 Charta
1371 1263 1534 1298 Comenfi
1549 1263 1646 1297 Anni
1659 1266 1818 1298 MXLV.
1829 1265 1937 1298 Tom.

1224 1315 1270 1344 V.
1300 1311 1425 1344 Italiae
1461 1313 1601 1344 Sacrae.
1638 1313 1685 1345 Et
1713 1321 1804 1346 certe
1840 1312 1939 1346 Galli

1224 1373 1243 1396 e
1271 1359 1450 1408 primaeva
1486 1358 1742 1408 significatione
1782 1361 1838 1397 sua
1876 1375 1940 1396 vo-

1226 1424 1299 1446 cem
1319 1410 1408 1445 hanc
1425 1410 1645 1446 detorserunt
1658 1437 1665 1446 .
1689 1413 1780 1447 Nam
1803 1412 1838 1447 in
1857 1413 1939 1447 Bre-

1225 1461 1342 1498 viario
1364 1474 1477 1497 rerum
1505 1461 1693 1498 fiscalium
1715 1463 1838 1498 Caroli
1860 1465 1941 1498 Ma-

1227 1512 1311 1562 gni,
1339 1512 1433 1561 quod
1462 1513 1504 1548 ab
1532 1513 1687 1548 Eccardo
1715 1513 1848 1549 editum
1881 1513 1942 1550 ha-

1228 1565 1371 1607 bemus,
1397 1563 1536 1600 inventi
1562 1563 1640 1599 sunt
1665 1563 1702 1600 in
1730 1564 1838 1614 Regia
1860 1564 1941 1599 Vil-

1229 1615 1262 1651 la
1280 1618 1424 1650 Verveces
1442 1629 1509 1650 cum
1524 1615 1635 1662 Agnis
1650 1615 1828 1662 oHoginta.
1847 1616 1942 1649 Mul-

1228 1676 1314 1701 tones
1340 1666 1579 1713 offlogimaduO.
1607 1666 1641 1702 Si
1666 1667 1830 1701 Multones
1857 1675 1941 1702 tunc

1228 1717 1423 1766 nuncupati
1462 1717 1541 1754 sunt
1568 1717 1723 1764 Arietes,
1752 1717 1842 1753 unde
1878 1730 1942 1752 nos

1228 1770 1383 1803 Montone
1419 1768 1705 1811 efformwimus,
1736 1781 1806 1802 non
1844 1767 1942 1802 vocis

1230 1817 1399 1862 Italicae,
1435 1817 1490 1855 sed
1528 1818 1627 1853 illius
1668 1817 1944 1854 Barbare—Lati-

1230 1882 1295 1905 nae
1323 1868 1558 1916 conquirenda
1589 1868 1633 1903 est
1669 1869 1790 1917 origo.
1821 1870 1874 1904 At
1901 1868 1943 1904 de

1231 1919 1296 1956 illa
1324 1919 1375 1955 nil
1405 1919 1492 1954 certi
1522 1919 1611 1955 mihi
1640 1919 1814 1956 occurrit.

1180 1972 1302 2008 Mora.
1338 1974 1486 2005 uscervus
1523 1970 1690 2016 lapidum,
1729 1969 1943 2006 torrentibus

1230 2021 1408 2070 oppositus
1426 2033 1438 2065 ,·
1474 2034 1516 2056 ne
1546 2019 1582 2055 in
1611 2033 1751 2066 campos
1780 2020 1914 2056 irruant
1934 2044 1943 2059 ‚

1231 2072 1314 2119 dum
1343 2070 1602 2107 intumescunt.
1643 2073 1676 2106 A
1706 2071 1840 2107 Latino
1869 2074 1946 2106 Mo-

1232 2123 1267 2157 la
1303 2135 1364 2171 pro
1394 2123 1497 2156 Moles
1539 2131 1656 2157 natam
1694 2121 1783 2158 hanc
1822 2134 1944 2158 vocem

1233 2172 1421 2222 Menagius
1450 2172 1590 2208 statuit.
1620 2172 1717 2208 Mihi
1746 2171 1821 2208 veri
1850 2172 1947 2208 vide-

1234 2232 1292 2259 tur
1325 2223 1494 2268 similius,
1533 2223 1739 2259 descendisse
1772 2237 1812 2259 ex
1843 2221 1945 2261 Lari-

1235 2288 1281 2310 no
1313 2277 1431 2314 Mora,
1463 2274 1678 2323 significante
1711 2288 1770 2324 per
1799 2273 1943 2310 transla-

1234 2326 1369 2361 tionem
1416 2326 1673 2372 Impedimentum
1721 2324 1911 2368 obstaculum
1934 2346 1943 2356 .

1233 2376 1359 2413 Latini
1387 2376 1507 2412 eodem
1538 2376 1632 2412 sensu
1662 2376 1864 2419 usurparunt
1887 2373 1943 2406 In-

1233 2437 1389 2473 terponere
1419 2436 1524 2475 atque
1551 2428 1682 2472 Injicere
1708 2426 1858 2458 Moram.
1894 2423 1941 2457 Et

1234 2477 1365 2513 Statius
1393 2478 1565 2514 Thebaid.
1589 2478 1629 2510 X.
1649 2472 1764 2509 dixit:
1794 2475 1941 2519 Frange·-

1232 2542 1264 2565 η
1291 2531 1403 2565 Morus
1425 2537 1585 2574 portarum
1601 2548 1610 2560 .

1774 2594 1870 2627 Mora
1880 2617 1889 2631 .
