2169 3047
236 241 314 288 561
490 225 858 272 DISSERTATIO
901 219 1470 269 TRIGESIMASECUNDA
1481 233 1493 264 .·
1673 229 1752 278 562

173 292 346 338 Scriptore
366 287 636 331 concinnatam,
659 300 745 334 quae
768 300 819 322 res
842 286 930 322 anti—
972 288 1001 321 A
1049 285 1086 321 in
1115 282 1401 331 subsequentibus
1439 280 1591 316 Saeculis
1631 282 1815 316 conserva-

173 354 256 389 quas
284 352 399 376 earum
430 338 620 373 Insularum
651 339 782 373 tabulis
803 339 834 373 δε
861 351 918 372 mo

174 391 351 427 numentis
394 389 532 424 vetustis
574 389 732 436 egregie,
771 399 811 423 ut
849 401 935 436 opus

171 442 275 485 esset,
319 439 559 489 persequatur.
599 442 705 474 Certe
744 440 801 474 vel
844 440 926 474 anti-

173 493 250 539 quis
300 491 516 538 temporibus
558 490 754 537 excogitari
799 490 935 537 possunt

174 541 353 589 Principes
392 542 428 577 in
458 550 603 588 utraque
634 541 746 576 Insula
775 541 934 575 domina-

172 591 225 628 ti.
268 594 316 628 Ut
348 593 441 628 enim
482 606 523 627 ex
556 592 753 627 Annalibus
785 594 928 627 Franco·

173 656 250 678 rum
279 642 434 683 constat,
465 645 572 678 Anno
611 645 694 678 828.
733 642 934 677 Bonifacius

171 693 322 729 Tusciae
340 692 494 733 Comes,
522 694 570 728 cui
590 694 690 727 tutela
717 693 854 733 Corsicae
881 696 929 728 In>

167 744 259 788 sulae
286 755 360 778 tunc
385 755 452 779 erat
478 743 630 788 commiffa
646 771 656 785 ,
684 743 812 788 assumto
834 745 935 787 secum

170 795 271 838 fratre
312 796 519 834 Berethario,
557 795 600 828 Θ
635 795 709 828 aliis
752 795 936 840 quibusdam

173 845 349 879 Comitibus
390 847 428 879 de
470 846 608 889 Tuscia,
652 844 805 886 Corsicam
844 857 937 892 atque

172 895 358 930 Sardiniam
402 898 508 942 parva?
553 895 642 941 claffe
685 908 907 931 circumventus
926 924 935 940 ‚

174 958 268 992 quum
296 947 418 980 nullum
447 948 479 980 in
507 949 588 982 mari
621 948 762 994 piratam
797 947 934 990 invenis—

169 995 239 1040 set,
268 996 300 1030 in
327 997 475 1038 Africam
503 998 627 1040 trajecit
649 1000 716 1033 &aa
740 1000 833 1045 Ergo
854 1008 937 1033 tunc

176 1046 335 1082 Sardinia
364 1049 394 1082 &
425 1048 563 1084 Corsica
593 1049 710 1096 jugum
735 1051 929 1083 Sarraceno-

177 1109 252 1131 rum
278 1099 432 1133 nondum
463 1098 656 1134 subierant.
686 1099 840 1135 Circiter
861 1100 937 1133 An-

173 1159 256 1182 num
288 1151 371 1192 85⁷..
401 1150 596 1195 complures
635 1148 826 1185 Corsorum
861 1157 931 1184 tur-

173 1210 250 1232 mae
277 1199 317 1233 ad
357 1201 512 1234 Leonem
554 1202 614 1235 IV.
646 1201 775 1248 Papam
814 1198 933 1235 confu-

171 1261 271 1296 gere.
304 1249 396 1295 quod
427 1252 693 1287 Sarracenorum
724 1250 937 1287 incursiones

173 1298 306 1334 diutius
336 1299 421 1335 ferre
449 1314 519 1336 non
549 1303 701 1349 possent.
742 1304 863 1337 Novas
892 1302 935 1336 il-

175 1349 220 1384 lis
250 1348 341 1384 sedes
381 1352 546 1387 Pontifex
586 1352 825 1388 misericordia
863 1364 937 1387 rno-

175 1408 259 1438 tus,
289 1400 465 1435 Anastafio
495 1401 598 1441 teste.
638 1402 847 1451 affignavit.
876 1402 939 1437 Sed

177 1462 219 1484 ne
252 1458 336 1484 tunc
365 1451 505 1497 quidem
547 1453 706 1488 Barbaris
744 1466 782 1488 ea
821 1454 940 1497 Regna

149 1530 151 1532 ,
179 1499 331 1548 ceffere3
371 1513 481 1548 neque
510 1516 587 1537 cum
619 1502 844 1538 Eminentiss.
875 1504 940 1538 Ba-

179 1551 282 1585 ronio
311 1550 347 1585 in
380 1553 507 1587 Annal.
537 1552 575 1588 ad
605 1553 765 1589 eumdem
795 1555 940 1588 Annum

183 1604 266 1646 832.
296 1601 500 1637 censendum
531 1602 599 1642 est,
638 1604 759 1639 Sardos
790 1603 940 1639 Insulam

181 1652 275 1687 suam
305 1653 452 1687 omnino
480 1653 630 1690 deserere
658 1654 821 1694 coaetos,
850 1655 943 1702 quod

185 1704 327 1738 circiter
364 1716 401 1737 ea
445 1713 601 1750 tempora
645 1707 736 1740 Vicus
775 1708 943 1739 Sardorum

184 1756 316 1789 Romae
345 1753 442 1788 fuisse
469 1755 764 1802 deprehendatur.
794 1758 877 1790 Erat
905 1755 941 1791 ἃ

181 1804 232 1839 ibi
264 1806 354 1839 Vicus
380 1807 564 1839 Saxonum:
600 1807 631 1841 8<
662 1806 746 1854 quid
775 1806 877 1846 inde„
907 1820 943 1841 a—

183 1856 312 1899 mabo,
353 1853 503 1890 inferas?
545 1857 815 1892 Dubitationem
857 1870 939 1903 quo-

182 1919 248 1951 que
276 1918 415 1941 ornnem
446 1917 588 1942 amovet
624 1907 717 1943 idem
750 1907 944 1943 Anastasius

183 1956 479 1992 Bibliothecarius
516 1956 665 1993 scribens
695 1958 730 1994 in
761 1959 846 1994 Vita
876 1959 942 1993 Ni—

185 2009 275 2043 colai
320 2009 344 2042 1.
383 2009 420 2041 de
456 2008 563 2051 Insula
598 2010 767 2043 Sardiniae
804 2010 944 2045 circiter

184 2059 330 2093 Annum
355 2060 437 2102 865.
459 2059 665 2095 relationem
689 2058 838 2103 veniffe,
865 2062 945 2106 qnod

175 2110 306 2153 judices
337 2108 430 2155 ipsius
458 2110 579 2154 Insulae
601 2125 667 2145 cum
692 2112 806 2158 populo
829 2113 937 2157 guber-

183 2159 366 2194 „monibus
401 2159 466 2203 suis
497 2160 662 2205 subjeJO,
691 2176 757 2196 cum
794 2163 943 2208 proximis

182 2223 218 2245 ac
246 2210 405 2256 sanguinis
442 2210 489 2250 sui
523 2212 704 2259 propinquis
746 2213 871 2248 incestas
899 2211 942 2250 &¹

183 2261 318 2294 illicitas
345 2261 554 2295 coutrchwene
581 2263 726 2307 nuptias.
754 2266 872 2310 Quare
900 2264 941 2298 il-

185 2310 242 2346 luc·
274 2313 424 2359 Legatos
456 2311 619 2347 Pontifex
650 2313 768 2354 misit,
807 2323 845 2349 ut
882 2314 939 2348 hu-

183 2361 336 2410 jusmodi
366 2362 488 2397 morbo
519 2362 730 2399 medicinam
760 2365 946 2400 afferrent.

185 2415 228 2458 Q
258 2428 285 2448 ·e
316 2414 418 2447 verbi
457 2413 653 2456 evincunt,
692 2416 750 2450 vel
788 2424 871 2450 tunc
910 2414 945 2449 in

185 2465 343 2499 Sardinia
400 2464 575 2512 Principes
628 2465 749 2511 populi
773 2493 781 2506 ,
823 2464 948 2508 eosque

187 2515 422 2551 Christianos.
462 2513 637 2555 floruisse.
677 2514 714 2551 δε
743 2516 857 2552 eadem
879 2519 944 2560 Ju

188 2565 290 2600 dicum
328 2567 564 2614 appellatione
602 2565 807 2609 ἀὶίῖὶηξῖοε,
843 2578 948 2616 quarn

290 2623 378 2655 Tom.
407 2619 463 2664 VI.

1050 347 1122 371 tam
1167 334 1265 382 supra
1308 332 1462 367 vidimus
1480 357 1489 366 .
1534 331 1657 366 seculo
1704 330 1817 378 postea

1055 388 1116 422 XI.
1146 387 1335 433 Mugetus,
1363 382 1431 417 five
1462 380 1671 424 Muzastus,
1702 384 1817 417 Sarra-

1053 449 1215 472 cenorum
1248 438 1323 471 Rex
1351 444 1535 480 utramque
1572 431 1724 467 Insulam
1762 432 1819 466 in-

1053 487 1160 531 vasit,
1201 485 1238 522 &
1275 498 1418 535 gravem
1446 482 1646 519 Christiano
1688 483 1819 530 populo

1055 537 1324 574 tribulationem
1352 535 1498 572 intulit.
1541 536 1592 569 At
1629 546 1708 569 eum
1737 532 1819 568 inde

1055 588 1153 625 brevi
1183 588 1388 624 Pisanorurn
1425 588 1459 622 8(
1500 584 1733 621 Genuenfium
1763 583 1821 618 vi-

1055 654 1106 676 res
1125 640 1375 682 exturbarunt,
1393 647 1432 674 ut
1449 638 1614 673 habemus
1630 636 1668 670 in
1684 634 1818 671 Chron-

1057 691 1170 726 Pisan.
1210 692 1244 726 8<
1281 691 1319 726 in
1361 690 1493 725 Annal.
1536 685 1667 723 caffari
1710 687 1818 721 Tom.

1057 744 1119 777 Vl.
1159 744 1236 777 Rer.
1275 741 1389 777 Italic.
1417 742 1473 776 Ac
1511 738 1657 787 proinde
1684 739 1822 784 Grego-

1055 793 1127 829 rius
1165 794 1246 828 VII.
1286 794 1379 840 Papa
1418 791 1500 828 Lib.
1540 792 1583 824 V.
1622 787 1726 836 Epist.
1756 788 1820 822 lV.

1057 847 1165 880 Anno
1195 855 1306 890 1077.
1335 841 1467 891 scripsit
1494 841 1535 877 ad
1564 839 1754 888 Episcopos
1779 835 1820 873 &

1057 896 1152 932 viros
1180 895 1317 930 nobiles
1354 895 1387 928 in
1423 893 1532 937 Insula
1558 890 1681 931 Corsica
1709 887 1821 925 consi-

1056 947 1203 985 stentes,
1232 945 1377 987 dolens,
1405 957 1488 983 eos,
1524 941 1588 991 qui
1627 941 1728 976 illam
1757 939 1820 974 ha-

1056 998 1176 1034 &enus
1204 1005 1413 1037 tenuerant,
1442 993 1533 1029 nihil
1563 990 1725 1030 servitii.
1764 990 1821 1026 ni-

1055 1050 1107 1083 hil
1146 1047 1329 1082 fidelitatis
1367 1047 1470 1082 beato
1508 1046 1612 1080 Petro
1641 1040 1821 1077 exhibuis-

1056 1099 1107 1135 se.
1137 1098 1231 1134 Idem
1264 1097 1428 1132 Pontifex
1457 1095 1562 1141 Epist.
1597 1105 1649 1129 ιο.
1681 1092 1761 1128 Lib.
1786 1094 1820 1127 8.

1056 1149 1153 1185 dedit
1183 1148 1223 1183 ad
1261 1149 1432 1192 Orzochum
1465 1146 1615 1189 judicem
1637 1143 1822 1184 jCalarita-

1055 1215 1128 1234 num
1156 1198 1193 1234 in
1223 1197 1408 1241 Sardinia,
1446 1196 1539 1244 quod
1569 1192 1822 1231 Archienisco-

1057 1265 1137 1298 pum
1167 1250 1283 1285 radere
1312 1248 1453 1284 barbam
1483 1245 1645 1295 coftgiss‘et
1663 1271 1672 1279 .
1700 1246 1821 1288 Quare

1056 1304 1154 1338 locus
1182 1301 1289 1336 etiam
1320 1298 1513 1347 suspicandi
1551 1297 1667 1337 foret,
1705 1294 1824 1330 Char·

1056 1363 1108 1389 tas
1137 1352 1303 1388 haS’cenus
1331 1352 1512 1399 evulgatas
1535 1348 1574 1384 ad
1604 1357 1739 1382 remota
1764 1347 1824 1380 Se—

1057 1405 1134 1439 cula
1164 1402 1337 1449 pertinere
1365 1401 1532 1448 potuisse.
1566 1402 1735 1434 Attamen
1762 1408 1823 1431 ve-

1058 1454 1087 1489 ri
1117 1453 1206 1489 mibi
1237 1452 1377 1487 videtur
1404 1451 1571 1489 similius,
1601 1448 1622 1482 fi
1653 1461 1722 1483 non
1745 1459 1825 1482 om-

1058 1518 1138 1548 nes,
1168 1503 1287 1539 saltem
1320 1501 1519 1547 plerasque,
1547 1498 1740 1534 referendas
1768 1496 1822 1532 es-

1058 1554 1090 1590 se
1139 1555 1179 1589 ad
1222 1554 1381 1588 Seculum
1428 1552 1506 1585 XII.
1548 1549 1660 1584 immo
1702 1547 1739 1583 &
1781 1545 1823 1582 ad

1060 1606 1158 1639 XIII.
1215 1605 1338 1649 Neque
1377 1601 1471 1636 aliud
1518 1599 1633 1634 suadet
1677 1597 1823 1633 Notarii

1061 1652 1268 1699 subscriptio
1286 1681 1295 1696 ,
1333 1651 1431 1696 supra
1459 1650 1624 1685 adnotata
1642 1677 1650 1691 ‚
1690 1646 1727 1683 &
1758 1650 1826 1681 Do-

1061 1707 1158 1739 minos
1182 1704 1381 1751 frequenter
1402 1701 1570 1748 appellari
1599 1698 1745 1734 illustres
1769 1697 1825 1733 vi-

1061 1770 1143 1800 ros,
1182 1756 1214 1789 &
1255 1753 1467 1801 cognomina
1496 1750 1699 1786 nominibus
1727 1747 1827 1784 addi-

1062 1816 1117 1841 ta.
1149 1806 1202 1840 Ad
1231 1805 1314 1839 haec
1343 1803 1420 1838 sunt
1448 1801 1537 1837 mihi
1566 1802 1598 1835 8<
1628 1800 1718 1834 aliae
1739 1799 1826 1834 duae

1063 1857 1215 1892 Chartae
1244 1855 1346 1902 (eas,
1384 1866 1426 1889 ne
1463 1850 1594 1887 nimius
1632 1849 1718 1893 sim,
1755 1862 1827 1884 non

1063 1906 1196 1954 exero)
1233 1917 1378 1953 quarum
1418 1905 1548 1940 altera,
1588 1900 1746 1948 scripta,
1788 1907 1828 1935 ut

1064 1958 1114 1993 ibi
1144 1957 1295 2001 legitur,
1329 1958 1432 1990 Anno
1464 1965 1569 2000 1209.
1597 1951 1827 1986 donationem

1065 2008 1225 2044 continet
1267 2006 1393 2041 fastam
1435 2002 1648 2040 Monasterio
1686 2000 1828 2036 Montis

1065 2058 1196 2095 Christi
1227 2058 1268 2093 ab
1297 2057 1441 2091 Anmldo
1476 2055 1597 2089 Comite
1634 2054 1671 2087 de
1698 2051 1830 2096 confini-

1065 2113 1119 2145 bus
1147 2108 1310 2148 Corsicae.
1343 2109 1463 2142 Altera
1493 2118 1576 2140 vero
1604 2112 1745 2139 exarata
1773 2101 1829 2137 di-

1067 2161 1159 2196 citur
1185 2163 1284 2194 Anno
1313 2161 1483 2192 MCCLX.
1523 2155 1695 2191 Indic‘iione
1721 2153 1830 2200 Quiu-

1067 2211 1118 2246 θα
1146 2209 1209 2258 (ἃ
1238 2209 1315 2245 heic
1353 2209 1389 2245 in
1427 2205 1712 2253 chronologiam
1751 2216 1831 2250 pec·

1067 2262 1190 2309 catur)
1219 2260 1254 2296 in
1292 2273 1359 2308 qua
1401 2259 1532 2293 Domino
1560 2257 1705 2292 Rmaldo
1732 2257 1829 2288 Μαν-

1067 2313 1149 2356 chese
1175 2314 1328 2353 quondam
1359 2310 1502 2354 Ussom's,
1540 2308 1595 2355 qui
1617 2307 1683 2351 fuit
1708 2305 1830 2347 simili-

1068 2373 1114 2397 ter
1152 2363 1319 2403 Marabio,
1356 2363 1446 2396 dedit
1475 2361 1517 2394 Θ
1544 2358 1678 2402 conceffit
1714 2355 1830 2391 eidem

1070 2413 1283 2449 Monasterio
1310 2423 1374 2448 tota
1401 2413 1434 2446 la
1464 2411 1553 2445 Villa
1579 2409 1663 2443 della
1694 2407 1834 2451 Vesolac-

1069 2465 1116 2499 cia
1144 2464 1215 2502 &aa
1244 2467 1326 2500 Non
1356 2463 1445 2498 alius
1473 2460 1572 2496 fuisse
1600 2458 1739 2495 videtur
1765 2461 1834 2491 Hu—

1065 2529 1105 2559 ιρο
1132 2515 1192 2551 iste
1221 2514 1391 2553 Marchi0‚
1419 2524 1523 2559 quam
1552 2510 1613 2557 qui
1643 2509 1739 2555 supra
1770 2521 1834 2542 no-

1068 2565 1120 2602 bis
1148 2565 1329 2606 occurrit,
1367 2575 1478 2614 quum
1519 2570 1637 2598 tamen
1664 2559 1694 2595 is
1726 2560 1833 2594 Anno

1178 2618 1217 2654 N
1243 2628 1268 2652 n
1676 2619 1783 2646 1021.
