2169 3047
396 196 477 245 653
744 190 1366 250 ANT10U1T.MED11
1399 191 1563 236 AEVI
1826 203 1913 251 ⁶64

387 250 459 284 rius
489 249 530 285 ab
567 253 659 285 Arcu
695 251 832 287 traxit:
871 255 953 296 quod
931 232 1100 284 &vultus
1140 254 1176 289 A

387 301 493 335 zelati
530 300 563 334 in
590 315 695 336 arcum
722 302 941 336 contrahatur.
983 304 1099 337 Nemo

388 349 467 386 sane
504 351 719 400 affe-quatur,
757 352 935 400 quomodo
971 351 1008 388 in
1046 365 1099 387 ar-

387 414 467 437 cum
499 404 616 438 vultus
644 404 890 439 contrahatur.
917 402 982 439 Me
1010 416 1098 450 quo-

387 464 455 500 que
495 453 532 488 in
570 467 606 489 re
647 453 792 489 abstrusa
829 453 947 489 audire
984 467 1026 489 ne
1064 463 1098 489 te

387 503 529 551 pigeat.
576 503 835 539 Mutinensibus
886 504 931 539 est
971 504 1098 550 Arghi-

381 553 513 600 gnarli,
550 553 642 588 idem
681 564 785 601 atque
821 554 1001 589 Gallicum
1030 559 1098 589 Re—

385 604 535 649 chigner.
580 606 777 651 Utrumque
819 604 965 640 verbum
1002 604 1096 640 idem

385 652 579 702 fignificat,
617 664 721 701 atque
752 654 824 698 sare
851 655 876 688 it
901 656 971 699 vtso
996 656 1096 690 Arci-

382 718 471 751 gno.
514 704 570 740 Est
607 704 742 753 aliquid
785 705 967 753 analogiae
1003 705 1097 741 inter

383 756 660 791 Lombardicum
686 756 926 803 Argbignarsi‚
955 754 992 792 δε
1015 757 1096 792 Flo·

383 805 562 841 rentinum
591 807 762 854 Arcigno,
794 807 941 855 reliquis
970 808 1097 844 Italiae

382 856 530 904 Populis
579 857 762 905 ignotum.
805 857 958 893 Fortasse
998 857 1097 894 Galli

381 906 482 942 suurn
513 908 690 954 Recbigner
726 921 743 943 a
783 909 884 944 nobis
912 922 1097 956 accepere.

383 957 447 993 Sed
485 958 574 994 unde
615 960 827 1006 Rechigner?
863 958 1052 1008 Menagius
1080 973 1098 995 e

381 1010 474 1044 Rixa
497 1035 507 1050 ,
555 1010 676 1045 Rixare
698 1037 709 1054 ‚
758 1011 917 1045 Rixinare
962 1010 1100 1046 traxit.

383 1061 480 1095 Tum
501 1059 544 1094 ab
563 1060 747 1096 Adrixinus
762 1085 772 1099 ,
799 1062 969 1103 Arxinus,
995 1061 1100 1096 Arxi-

381 1124 447 1151 no,
477 1111 642 1145 Italicum
667 1112 812 1158 Artigno
838 1111 1004 1146 deduxit.
1034 1113 1097 1146 fa—

383 1159 452 1194 cile
481 1159 563 1194 haec
593 1160 728 1195 somnia
753 1160 963 1204 videantur,
992 1173 1100 1208 quum

384 1209 480 1245 aliud
510 1210 599 1245 Rixa
627 1210 689 1255 fit,
717 1210 813 1246 aliud
839 1212 1037 1258 Recht'gner.
1070 1212 1099 1246 I-

384 1269 492 1308 taque
536 1261 653 1309 potius
703 1262 981 1310 perpendendum
1025 1261 1069 1297 est
1091 1289 1101 1305 ,

386 1323 470 1348 num
503 1312 647 1346 verbum
677 1312 744 1347 hoc
773 1312 993 1347 efformatum
1028 1312 1101 1347 fue-

385 1361 435 1397 rit
460 1374 477 1396 e
497 1362 708 1397 Latinorum
732 1365 892 1406 Ringere,
921 1361 988 1396 five
1015 1362 1100 1395 Rin-

383 1412 449 1458 gi,
492 1411 684 1447 immutato
726 1412 763 1447 in
801 1411 1005 1457 Ringinare.
1047 1410 1102 1445 Est

387 1471 503 1497 autern
536 1463 674 1508 Ringere
693 1490 702 1498 .
731 1470 770 1497 ut
798 1474 919 1496 omnes
949 1470 1101 1501 norunt,

387 1517 427 1546 Os
469 1523 636 1558 torquere‚·
678 1511 715 1548 ὅ(
755 1511 836 1547 inde
872 1511 988 1547 R2'53us
1030 1511 1101 1556 est,

384 1563 497 1597 minax
539 1563 667 1596 babitus
710 1563 770 1597 oris
794 1575 809 1596 .·
850 1575 938 1610 quae
981 1562 1102 1598 omnia

385 1612 462 1647 vim
506 1612 711 1660 exprimunt
759 1612 857 1648 verbi
899 1614 1101 1660 Rechigner.

387 1665 516 1709 Neque
536 1672 570 1698 te
591 1673 786 1700 remoretur
813 1665 1018 1711 Ringinare‚
1047 1663 1102 1699 seu

387 1713 571 1761 Ringinari
597 1728 616 1750 a
645 1728 700 1750 me
728 1714 968 1763 propofitum.
1007 1717 1101 1751 Nam

388 1765 423 1800 δ(
454 1773 588 1800 veteres
615 1766 775 1801 Natinare
803 1779 820 1801 a
845 1769 989 1805 Nature,
1017 1769 1102 1800 Far-

389 1815 494 1850 cinare
522 1827 539 1848 a
568 1817 719 1855 Fascia,
757 1817 911 1851 Lucinari
937 1830 955 1852 a
982 1820 1103 1852 Lurca-

391 1866 420 1899 ri
439 1893 449 1909 ,
477 1863 668 1901 &similia
696 1867 948 1902 efformarunt.

340 1913 484 1950 Ardt're.
519 1917 697 1951 Audacia:
730 1919 808 1953 Aut
842 1919 973 1952 Auden
998 1917 1101 1953 Lati-

389 1979 475 2002 num
493 1994 503 2011 ,
532 1976 592 2003 aut
620 1968 832 2004 Saxonicum
861 1969 982 2012 Hard,
1019 1967 1102 2004 idest

388 2019 511 2064 Cuon,
547 2019 730 2066 Coraggio‚
767 2018 850 2055 voci
878 2017 960 2054 huic
988 2018 1099 2068 origi—

385 2080 466 2103 nem
510 2068 609 2105 dedit
634 2095 644 2105 .
686 2071 740 2105 Ita
781 2068 1002 2117 Menagius.
1041 2069 1100 2105 Ad

384 2121 518 2155 Auden
545 2120 639 2167 quod
669 2120 820 2164 attinet,
849 2120 1101 2168 Etymologiae

385 2170 479 2217 leges
508 2179 723 2217 repugnant.
750 2171 810 2205 Ab
837 2174 952 2209 Huni,
980 2173 1100 2217 Corag-

380 2221 457 2267 gio,
486 2220 605 2268 potius
633 2219 825 2255 arcessenda
847 2220 988 2256 videtur
1007 2234 1099 2257 vox.

383 2272 518 2306 Verum
547 2283 616 2306 non
646 2274 763 2314 Haut,
792 2269 847 2306 sed
876 2274 974 2306 Hem
1001 2281 1098 2307 vete-

384 2335 438 2358 res
468 2325 621 2358 Saxones
647 2324 709 2355 Cor
736 2322 957 2369 appellarunt
974 2350 982 2358 .
1009 2325 1098 2358 Ger-

386 2373 525 2409 manica
555 2370 695 2421 Lingua
723 2375 828 2417 Hertz
861 2371 991 2408 habet.
1019 2375 1098 2408 An—

386 2425 643 2474 glo-Saxonum
686 2422 754 2458 filii
794 2422 957 2458 Britanni
996 2427 1098 2458 Heart

381 2474 443 2521 ipsi
472 2487 611 2523 quoque
639 2477 699 2508 Cor
738 2473 881 2509 dicunt.
919 2475 958 2509 In
1002 2476 1096 2521 Lege

382 2525 580 2563 frisionum
609 2525 688 2562 Tit.
717 2536 777 2562 22.
805 2524 840 2575 §.
863 2527 920 2562 28.
941 2524 980 2560 si
1002 2537 1096 2572 prae·

1261 252 1386 292 cordia,
1414 251 1498 289 idest
1526 257 1696 288 Hertamon
1720 253 1833 300 gladio
1859 255 1972 302 tetige-

1261 304 1324 339 rit.
1361 305 1459 340 Haec
1496 318 1566 341 non
1603 314 1675 340 tarn
1716 304 1819 340 facile
1856 305 1971 341 trahas

1260 353 1302 390 ad
1330 356 1474 391 verbum
1511 358 1654 392 Ardire.
1691 357 1809 400 Quare
1846 355 1971 391 viden-

1260 405 1365 449 dum,
1387 419 1428 441 an
1451 407 1568 455 potius
1590 419 1607 441 a
1628 405 1842 442 Germanico
1857 410 1967 451 Hart,

1259 456 1353 504 quod
1381 459 1505 491 Durum
1521 484 1532 500 ,
1559 456 1725 502 Difficile,
1754 460 1870 501 Forte,
1897 461 1970 492 Ar-

1258 510 1356 542 duum
1391 506 1584 554 significat,
1624 507 1865 543 advocandum
1903 508 1970 544 hoe

1259 557 1342 592 esset
1366 583 1375 592 .
1418 557 1510 592 Vide
1550 557 1761 592 Schilterum
1803 559 1844 593 ad
1881 558 1970 594 hanc

1259 619 1405 641 vocem.
1435 606 1588 650 Hartire,
1616 619 1679 641 nos
1706 606 1745 641 in
1771 609 1895 641 Ardire
1921 608 1973 643 fa-

1262 656 1331 692 cile
1358 656 1618 692 convertimus.
1646 658 1685 691 In
1708 656 1864 704 antiquis
1888 659 1975 693 For-

1262 707 1368 742 mulis
1396 706 1464 742 five
1492 707 1620 743 Gloffis
1658 707 1699 742 ad
1736 708 1850 756 Leges
1879 709 1974 743 Lan-

1262 757 1465 807 gobardicas
1506 757 1653 793 Ottonis
1704 758 1750 793 11.
1794 758 1942 807 Augusti
1961 786 1972 803 ‚

1261 821 1346 855 quas
1373 808 1468 844 edidi
1499 810 1593 844 Part.
1622 809 1667 843 ΙΙ.
1696 808 1807 844 Tomi
1837 810 1863 844 1.
1895 811 1975 845 Rer.

1262 858 1419 894 Italicar.
1448 872 1523 907 pag.
1555 870 1636 906 170.
1661 871 1734 905 non
1772 858 1876 894 semel
1913 873 1977 895 oc-

1263 908 1372 944 currit
1398 922 1469 944 vox
1491 911 1637 953 Λνῑίίνε,
1664 921 1771 956 quum
1801 908 1969 957 singulare

1263 969 1439 995 certarnen
1476 959 1639 996 offertur.
1678 960 1731 994 Vis
1768 960 1798 993 ei
1836 960 1971 994 ardire?

1264 1012 1357 1045 Volo.
1397 1011 1532 1046 Vadiate
1557 1022 1723 1057 pugnam.
1760 1008 1879 1045 Infra:
1918 1011 1977 1047 „Vis

1262 1060 1400 1095 ardire?
1432 1061 1525 1096 Volo.
1555 1064 1602 1096 Et
1628 1071 1664 1095 tu
1690 1061 1741 1095 vis
1771 1071 1800 1094 te
1826 1060 1975 1105 defende-

1262 1114 1323 1144 re?
1351 1111 1444 1145 Volo.
1475 1113 1610 1145 Vadiate
1645 1122 1806 1157 pugnam.
1845 1110 1964 1147 Infra:

1261 1160 1301 1194 Si
1348 1160 1549 1203 adversarius
1592 1162 1782 1207 responderit
1819 1173 1874 1208 per
1911 1172 1974 1208 pu-

1258 1224 1378 1258 gnam,
1406 1211 1635 1258 interrogetur:
1663 1212 1718 1245 Vis
1745 1211 1775 1244 ei
1800 1212 1972 1256 adamim,

1262 1271 1297 1295 ut
1325 1262 1384 1295 illa
1419 1261 1540 1296 Charta
1569 1261 1615 1302 fit
1647 1262 1765 1304 falla?
1803 1263 1897 1296 Volo.
1924 1265 1973 1297 Et

1261 1321 1297 1345 tu
1323 1315 1376 1344 vis
1403 1325 1470 1345 eam
1496 1312 1655 1353 defendere
1671 1315 1689 1343 ?
1727 1312 1819 1346 Volo.
1850 1314 1973 1347 Vadin-

1261 1370 1292 1394 ιε
1316 1371 1480 1405 pugnam.
1508 1361 1723 1396 Guilielmus
1751 1360 1857 1396 etiarn
1875 1386 1884 1401 ‚
1916 1363 1974 1399 cui

1243 1410 1445 1451 ⁴Testaraita
1475 1409 1543 1453 fuit
1578 1424 1761 1455 cognomen,
1802 1424 1975 1448 memora-

1261 1469 1318 1495 tur
1364 1473 1382 1495 a
1428 1461 1549 1496 Leone
1589 1459 1787 1496 Mar-ficano
1829 1463 1973 1498 Saeculo

1260 1510 1391 1546 Christi
1421 1509 1649 1554 Undecimo,
1679 1510 1763 1547 idest
1790 1514 1974 1554 Testa-Ar-

1260 1562 1357 1596 dita.
1398 1561 1666 1609 Antiquitatem
1710 1561 1807 1597 vocis
1851 1563 1973 1600 vides.

1261 1611 1356 1648 Utra
1384 1625 1425 1647 ex
1457 1613 1574 1648 allatis
1603 1613 1802 1661 originibus
1844 1613 1976 1661 praefe-

1261 1662 1366 1698 renda
1412 1662 1452 1698 fit
1477 1690 1487 1706 ‚
1531 1663 1676 1700 statuere
1720 1677 1789 1699 non
1837 1664 1974 1700 audeo.

1262 1716 1353 1749 Nam
1385 1712 1406 1748 fi
1435 1713 1476 1748 ab
1506 1718 1635 1759 Hertz,
1671 1718 1734 1749 Cor
1769 1727 1842 1749 eam
1873 1725 1973 1762 putes

1259 1763 1474 1803 ducendam,
1503 1764 1595 1811 quasi
1625 1774 1757 1799 veteres
1785 1763 1967 1801 dicerent:

1261 1814 1340 1849 Vuoi
1366 1824 1401 1846 tu
1428 1814 1570 1854 mostrare
1597 1814 1624 1847 il
1649 1825 1702 1847 tuo
1728 1815 1871 1860 coraggio
1893 1815 1972 1850 colla

1255 1867 1400 1911 pugna?
1436 1863 1499 1898 alii
1527 1863 1567 1899 ad
1607 1867 1692 1898 Hart
1719 1864 1969 1911 respicientes,

1258 1916 1291 1950 8<
1320 1914 1361 1949 ad
1390 1917 1521 1948 Hartem
1557 1914 1795 1950 Teutonicum
1815 1942 1825 1958 ,
1861 1913 1896 1951 ὅ(
1927 1915 1969 1951 ad

1259 1966 1390 2000 Hardea
1419 1966 1613 2014 Anglicum
1631 1992 1641 2006 ,
1679 1966 1810 2013 pariter
1837 1964 1969 2013 signifi-

1258 2015 1397 2059 cantia,
1432 2020 1545 2050 durum
1577 2016 1701 2059 facere,
1738 2015 1821 2051 haec
1858 2017 1970 2052 inter-

1259 2067 1510 2116 pretabuntur.
1538 2065 1629 2114 quasi
1658 2065 1843 2115 dicerent3
1875 2068 1970 2111 Visne

1258 2119 1302 2154 ad
1329 2119 1423 2152 Hard
1450 2118 1527 2152 ire?
1564 2119 1643 2153 Hoc
1672 2117 1736 2152 est:
1781 2119 1891 2162 ViJ—ne
1915 2130 1971 2153 ar-

1258 2172 1354 2204 duum
1381 2179 1533 2203 certamen
1561 2169 1672 2203 inire?
1711 2168 1790 2202 Vuoi
1815 2178 1850 2202 tu
1882 2168 1969 2211 fhrla

1257 2221 1301 2255 da
1329 2222 1418 2254 Duro
1444 2220 1489 2253 col
1522 2222 1693 2266 pugnare?
1729 2221 1805 2267 Ego
1833 2231 1901 2253 rem
1929 2217 1967 2252 in

1258 2270 1377 2306 medio
1419 2269 1603 2317 relinquo.
1643 2268 1827 2305 Hickefius
1863 2265 1968 2302 Cim-

1258 2320 1394 2357 bricum
1422 2321 1455 2356 8<
1484 2320 1676 2356 Gothicum
1707 2323 1798 2355 Ham!
1820 2319 1966 2362 Durum,

1259 2371 1375 2408 censet
1427 2385 1486 2420 per
1540 2371 1784 2418 Metaphoram
1837 2366 1966 2404 sonaffe

1258 2424 1405 2464 Audax,
1434 2423 1563 2462 Fortis,
1590 2424 1623 2457 &
1647 2421 1728 2457 inde
1754 2428 1965 2468 prognatum

1257 2474 1367 2510 Hardi
1392 2473 1591 2510 Gallicum.

1805 2574 1920 2620 fflga-
