2169 3047
226 225 306 266 031
517 213 886 260 DISSFRTATJO
918 211 1441 261 TRIGESIMATERTIA
1452 221 1464 257 ξ
1661 221 1743 261 082

221 280 318 327 cujus
347 277 426 314 sunt
451 277 576 313 verba:
611 278 642 310 E
670 278 841 310 Baccamm
867 289 931 309 mo·
968 282 1000 316 Α

221 331 286 365 m'le
332 329 518 376 Bagatellas
560 328 692 362 dicimus
734 329 849 373 Nugas
890 327 932 361 (9²

213 381 402 427 jocularia.
438 378 554 414 Latini
588 391 703 425 quoque
738 380 852 423 Nugas
881 379 932 412 di-

222 445 290 466 xere
314 444 360 464 res
384 441 486 464 omnes
509 430 668 464 muliebris
693 430 824 464 mundi.
853 430 933 464 Hoc

221 482 311 516 mihi
343 493 474 516 merum
505 479 549 515 est
579 479 773 515 somnium.
815 480 933 515 Primo

219 532 307 579 apud
340 531 508 567 Latinum
539 532 709 578 Populum
742 544 810 565 non
838 531 933 566 aliud

218 581 258 618 in
281 582 340 618 usu
363 582 460 617 fuisse
481 582 632 617 arbitror
655 594 782 617 nomen
797 610 806 625 ,
828 583 932 629 quarn

219 633 425 680 Margaritae
454 631 491 668 &
522 633 649 668 Unionis
687 633 726 668 ad
756 632 933 681 designan-

220 684 282 720 dos
325 682 493 732 pretiosos
540 683 749 719 concharum
793 683 933 720 foetus.

221 734 315 770 Vide
359 734 514 769 Plinium
552 733 635 770 Lib.
673 747 707 781 9.
745 733 835 782 Cap.
874 746 933 782 35.

220 788 341 820 Baccas
376 783 436 820 uni
477 786 603 819 Poetae
635 798 694 830 per
730 786 932 821 translatio—

221 848 302 872 nem
341 835 561 884 appellarunt
598 835 840 886 Margaritas;
883 836 933 872 ita

223 896 262 922 ut
289 900 308 921 a
336 886 410 921 veri
449 885 680 923 slmilitudine
716 887 823 932 abfit,
851 892 934 924 Bac-

221 950 326 972 carum
363 949 489 971 nornen
528 950 546 971 a
579 939 714 985 Populo
752 938 932 975 conserva-

222 997 297 1023 tum
337 986 456 1030 fuisse,
485 986 522 1023 &
561 989 748 1035 penetraffe
786 989 826 1025 ad
864 990 934 1025 sera

224 1037 329 1085 usque
366 1047 548 1085 tempora.
589 1041 712 1085 Neque
737 1041 932 1088 ,Gallicum

223 1092 334 1134 Baga-ff
362 1102 379 1123 a
406 1091 506 1123 Bacca
533 1088 732 1133 descendit,
759 1090 811 1125 uti
840 1090 933 1125 idem

221 1138 410 1186 Menagius
422 1137 654 1173 contendebat
665 1165 673 1173 .
687 1140 842 1175 Secundi)
856 1142 932 1175 No-

220 1188 300 1224 nius
328 1188 369 1222 ad
400 1200 520 1223 vocem
547 1189 756 1234 Nugivendos
784 1204 801 1226 a
831 1192 933 1226 Plau·
957 1228 959 1235 .

221 1248 261 1274 to
289 1237 509 1285 usurpatam,
538 1237 679 1275 scribit:
720 1245 857 1276 Plautus
883 1243 934 1277 di-

221 1290 249 1324 ci
275 1289 379 1323 voluit
406 1302 506 1323 omnes
535 1303 602 1330 eos,
630 1291 686 1336 qui
713 1293 840 1339 aliquid
866 1308 935 1328 nm-

223 1340 351 1374 lieribus
387 1343 550 1374 vendant.
588 1343 674 1375 Nam
710 1345 835 1385 omnia,
863 1345 934 1390 qui-

224 1391 280 1425 hus
308 1392 479 1424 Matronae
507 1400 660 1433 utuntur,
690 1395 803 1434 Nugas
832 1394 937 1428 voluit

223 1440 400 1487 appellari.
429 1439 534 1484 Quod
565 1441 708 1476 Plautus
747 1444 853 1479 Poeta
880 1458 937 1480 or-

224 1499 389 1525 namenta
418 1490 605 1525 mulierum
641 1495 753 1539 Nugas
782 1496 936 1543 appella-

226 1541 296 1580 rit,
325 1540 403 1586 quis
441 1553 593 1587 unquam
625 1543 692 1578 rite
723 1543 804 1580 inde
832 1545 937 1581 dedu-

228 1600 304 1630 cat,
333 1591 482 1627 Latinos
511 1591 570 1627 sub
599 1595 764 1640 Nugarum
796 1597 939 1632 nornine

227 1642 334 1678 etiam
372 1641 555 1690 designaffe
591 1645 784 1681 Gemmas?
823 1649 940 1682 Nemo

227 1705 380 1740 unquam
399 1693 493 1728 inter
511 1695 629 1742 Nugas
657 1696 829 1733 recensuit
844 1701 940 1733 Mar-

222 1744 370 1790 garitas,
406 1747 561 1790 Torques,
597 1747 782 1789 Armillas,
817 1752 939 1783 Amm-

226 1794 295 1833 los,
323 1796 491 1837 Gemmas,
519 1794 569 1830 ita
599 1804 638 1831 ut
666 1809 683 1831 a
714 1797 786 1833 veri
819 1798 935 1835 fimili—

227 1843 351 1880 tudine
377 1844 582 1890 abhorreat,
609 1846 764 1894 Majores
791 1849 941 1890 nostros,

228 1894 365 1931 scilicet
395 1895 503 1931 Italos
532 1896 636 1941 (nam
666 1898 749 1934 hinc
787 1900 827 1936 ad
856 1902 940 1936 Gal-

229 1947 283 1982 los
304 1948 495 1992 Bagatellae
516 1960 642 1983 nomen
667 1949 862 1998 migravit)
884 1962 943 1987 aut

231 1997 273 2031 ab
310 1995 447 2032 insueto
489 2000 612 2037 Bacca,
650 2009 708 2035 aut
746 2015 764 2036 a
801 2003 943 2038 Gallico

232 2049 364 2093 Bague.
391 2046 665 2096 significantibus
692 2053 863 2097 Unionem,
884 2063 943 2089 aut

232 2097 425 2139 Annulum,
455 2103 626 2146 Torquem,
652 2099 690 2136 &1
719 2101 866 2142 slmilia,
895 2104 943 2139 ef·
970 2135 971 2138 ,

231 2146 391 2184 formasse
429 2151 632 2196 Bagatella;
658 2165 765 2199 quum
802 2168 820 2190 e
848 2168 940 2190 corn—

232 2198 333 2234 muni
382 2201 541 2236 omnium
593 2201 831 2241 aestimatione
882 2206 944 2241 illa

233 2248 367 2296 semper
395 2250 551 2291 fuerint,
578 2253 611 2288 ἃ
641 2254 750 2291 adhuc
779 2255 863 2295 sint,
894 2270 945 2292 res

234 2302 427 2349 pretiosae,
453 2303 565 2339 immo
591 2305 804 2342 contrarium
834 2311 941 2354 Baga—

233 2352 330 2409 tellae
366 2352 578 2402 significent.
615 2356 765 2401 Tertio,
795 2371 855 2393 cut·
886 2371 946 2405 po—

233 2410 305 2438 nus
332 2417 350 2438 e
376 2408 478 2439 Bacca
506 2415 566 2441 aut
590 2408 724 2441 Baccato
751 2409 862 2442 monili
888 2408 945 2443 de-

235 2454 339 2490 dueta
377 2454 445 2491 fuit
473 2457 646 2503 Bagatella
673 2456 714 2492 ad
752 2457 946 2505 significan-

236 2504 295 2540 das
332 2508 466 2553 Nugas,
498 2520 604 2553 quum
646 2516 700 2542 tot
737 2508 806 2544 alia
843 2510 948 2544 essent

235 2556 360 2593 mundi
401 2556 583 2595 muliebris
625 2557 746 2596 inania
787 2562 866 2598 vere
912 2561 947 2595 ὅ(

1092 273 1186 311 levia
1221 282 1455 312 ornamenta,
1491 272 1528 308 in
1565 287 1652 321 quae
1689 280 1807 323 Nuga-

1091 340 1158 360 rum
1185 338 1312 361 nomen
1338 326 1443 372 longe
1465 324 1608 371 aequius
1636 326 1806 363 conveni-

1091 375 1167 413 ret?
1193 379 1245 412 At
1268 387 1306 411 tu
1333 375 1428 424 (jam
1456 383 1718 423 percontantem
1745 390 1804 412 au-

1091 427 1165 462 dire
1193 426 1284 462 mihi
1316 425 1460 473 videor)
1489 435 1526 461 tu
1555 426 1640 472 quid
1669 426 1803 462 semis?

1092 478 1198 514 Nihil
1226 477 1313 514 certi
1342 477 1474 512 adferre
1502 477 1655 525 possum.
1693 477 1806 512 Venia

1091 538 1209 565 tamen
1248 542 1267 564 a
1304 527 1515 565 LeEtoribus
1556 537 1636 563 ante
1673 528 1804 576 petita,

1093 580 1329 627 conjeffiuram
1368 578 1521 625 proferre
1551 578 1642 614 mihi
1678 579 1805 614 liceat.

1094 632 1205 667 Nulla
1232 630 1325 667 inter
1361 630 1540 678 Linguam,
1577 630 1667 665 olim
1705 629 1806 665 Italis

1094 691 1216 725 notas,
1245 683 1348 717 offert
1385 681 1476 717 mihi
1514 681 1682 724 verbum,
1712 680 1807 728 quod

1093 733 1197 778 voci,
1225 732 1267 769 de
1294 746 1362 780 qua
1390 733 1546 781 agimus,
1575 731 1658 767 sono
1686 731 1809 766 litera-

1093 797 1170 820 rum
1210 784 1351 833 propius
1389 783 1451 827 fit,
1489 783 1592 829 quam
1631 782 1806 818 Arabica.

1094 836 1172 871 Illis
1210 835 1340 884 quippe
1375 834 1419 869 est
1455 834 1622 877 Baiana,
1650 833 1743 881 quod
1773 834 1808 868 1-

1094 886 1201 923 talice
1241 885 1415 922 redditum
1455 884 1575 920 evadit
1616 887 1806 923 Bacattare‚

1093 941 1290 984 Bagattare.
1328 937 1388 971 Ab
1416 935 1460 971 iis
1489 934 1654 982 accepiss'e
1690 934 1810 970 Muti-

1094 987 1213 1024 nenses
1235 987 1400 1023 videntur
1421 986 1487 1021 hoc
1510 986 1677 1028 verbum,
1698 997 1807 1032 quum

1093 1039 1193 1085 ajunt
1219 1043 1395 1086 Bagattare
1420 1036 1457 1072 ἃ
1484 1038 1708 1083 Abbagattare
1733 1048 1808 1071 rem

1093 1089 1272 1135 aliquam,
1300 1088 1382 1124 idest
1411 1100 1486 1122 eam
1515 1086 1583 1122 fine
1610 1086 1744 1128 studio,
1769 1098 1808 1120 ac

1093 1140 1213 1186 inepte
1243 1152 1323 1187 prae
1354 1137 1576 1172 festinatione
1613 1135 1806 1172 conficere:

1094 1203 1156 1238 pro
1184 1203 1255 1238 quo
1281 1188 1506 1224 Acciabattare
1531 1185 1730 1222 florentini
1756 1186 1811 1222 di-

1094 1250 1197 1277 cunt.
1234 1240 1397 1275 Dicimus
1435 1237 1541 1274 etiam
1580 1240 1812 1284 Bagam-me-

1087 1288 1200 1335 fiiere'.
1236 1290 1420 1340 Significat
1458 1298 1574 1325 autem
1613 1287 1808 1323 Arabicum

1094 1344 1262 1386 Bataua,
1291 1342 1416 1377 Gollio
1454 1340 1556 1383 teste,
1585 1339 1748 1381 Festinare
1776 1339 1810 1372 in

1088 1394 1251 1439 sermone,
1287 1393 1341 1427 vel
1376 1392 1411 1426 t'n
1448 1390 1583 1435 inceffu.
1623 1390 1810 1433 Corripere,

1095 1447 1226 1478 Monere
1245 1443 1373 1478 verbis.
1401 1447 1481 1477 Rem
1503 1441 1703 1488 disgregare,
1725 1453 1811 1475 eam-

1095 1496 1223 1541 demque
1258 1495 1421 1540 colligere.
1457 1491 1514 1526 Est
1553 1491 1709 1527 Arabum
1743 1492 1813 1526 Po-

1097 1547 1181 1594 pulo
1218 1545 1251 1580 &
1292 1545 1439 1579 alterum
1483 1541 1594 1577 fimile
1637 1542 1810 1586 verbum,

1098 1595 1204 1630 unico
1241 1598 1281 1629 T.
1310 1593 1500 1641 scriptum,
1539 1592 1621 1627 idest
1658 1595 1811 1638 Bagam,

1098 1644 1294 1694 significans
1325 1644 1478 1688 Mtscere,
1507 1643 1701 1686 Confundere
1719 1669 1727 1683 ,
1757 1656 1812 1675 ηε-

1095 1697 1238 1744 gotium,
1261 1695 1381 1736 chum,
1397 1695 1565 1738 sermonem
1578 1693 1691 1738 suum.
1716 1691 1813 1728 Fieri

1099 1746 1240 1796 potuit,
1269 1755 1309 1781 ut
1335 1745 1423 1781 olim
1463 1743 1571 1786 Itali,
1599 1743 1661 1791 qui
1689 1756 1729 1778 ex
1763 1745 1816 1778 A·

1100 1798 1220 1833 rabum
1249 1805 1352 1844 gente
1382 1795 1587 1831 dominante
1624 1793 1661 1828 in
1690 1793 1814 1829 Sicilia

1102 1848 1137 1884 &
1166 1847 1352 1890 Calabria,
1380 1845 1416 1882 &
1443 1846 1487 1881 ob
1514 1853 1742 1880 mercaturam
1774 1857 1813 1879 ac

1100 1900 1280 1934 literarum
1309 1897 1439 1939 studia,
1462 1896 1552 1945 apud
1578 1908 1636 1931 eos
1660 1894 1816 1930 familia-

1100 1950 1153 1990 ri.
1182 1958 1237 1984 tot
1274 1949 1361 1984 alias
1391 1960 1493 1983 voces
1530 1959 1715 1994 accepere,
1746 1949 1818 1980 Ba-

1097 2011 1225 2048 ganare
1265 2011 1405 2047 quoque
1446 1997 1661 2039 didicerint,
1705 2009 1817 2043 eoque

1103 2060 1284 2087 uterentur
1312 2050 1351 2085 ad
1388 2047 1646 2098 fignificandam
1676 2048 1818 2092 Jocula-

1104 2111 1219 2138 torum
1237 2129 1246 2145 ,
1277 2103 1515 2148 Agyrtarum‚
1543 2099 1576 2134 ὃ(
1615 2101 1817 2134 Scurrarum

1104 2162 1238 2191 artem,
1266 2152 1325 2198 qui
1365 2150 1518 2189 fabulis,
1546 2149 1661 2192 ludis,
1690 2162 1728 2184 ac
1763 2161 1818 2184 re-

1105 2203 1167 2239 bus
1204 2202 1419 2242 puerilibus,
1447 2202 1481 2236 δ(
1518 2200 1648 2235 nullius
1687 2198 1819 2247 pretii,

1106 2253 1313 2303 speElatores
1350 2252 1576 2288 detinebant.
1618 2251 1702 2286 Illos
1741 2263 1821 2299 pro—-

1107 2314 1223 2355 pterea
1260 2308 1438 2352 Bagattare
1475 2301 1654 2343 dixerint,
1683 2313 1823 2336 eorum-

1107 2369 1174 2403 que
1210 2355 1311 2391 ludos
1344 2355 1572 2399 Bagattellas,
1600 2351 1822 2388 diminutivo

1107 2406 1252 2443 nomine
1274 2407 1459 2442 efformato
1479 2419 1497 2439 e
1520 2408 1694 2449 Bagattare
1708 2431 1717 2445 ,
1734 2416 1824 2438 nun-

1109 2471 1232 2500 cupare
1260 2457 1461 2500 coeperint.
1493 2456 1633 2490 Paullus
1671 2454 1824 2490 scordil-

1108 2509 1141 2543 la
1181 2507 1394 2544 Ravennatis
1432 2505 1605 2541 Ecclefiae
1648 2503 1824 2544 Praeposi-

1108 2568 1186 2599 tus,
1223 2559 1286 2608 qui
1325 2557 1467 2597 circiter
1501 2558 1647 2594 Annum
1692 2553 1824 2592 Christi

1607 2607 1773 2642 MCCC-
