2169 3047
245 239 325 282 573
533 217 903 263 DJSSERTATJO
935 215 1477 264 TmGESJMATfflTJA:
1680 236 1763 276 574

180 284 215 319 za
254 287 420 318 Graecam
442 304 453 320 ,
494 279 708 321 Arabicam,
750 278 936 314 Germani-
981 284 1012 318 A
1053 292 1140 328 quae
1166 277 1256 314 olim
1283 279 1415 313 Graece
1443 277 1698 325 loquebantur.
1728 277 1817 315 idest

181 346 254 369 cam
292 331 361 368 &c.
398 330 570 378 Equidem
607 329 697 365 mihi
735 330 854 365 videre
883 330 936 364 vi-

182 384 286 427 deor,
314 383 508 430 quemlibet
535 380 700 430 cujusque
729 379 841 415 Urbis
871 382 937 415 Po-

183 436 303 483 pulum
341 434 381 468 ad
418 432 514 468 usum
552 432 714 479 loquelae
752 430 828 467 suae
869 430 939 467 fere

182 486 313 533 semper
336 484 459 519 habere
480 483 593 519 veluti
614 483 795 518 definitam
819 496 938 530 quam-

182 536 260 570 dam
299 536 551 570 vocabulorum
588 535 752 577 massam,
789 534 939 579 Synoni-

183 585 249 621 mis
286 586 393 621 etiam
431 585 553 621 multis
590 585 866 620 redundantem.
910 584 942 620 Is

183 639 321 672 Vocum
363 638 397 671 &
443 636 694 684 loquutionum
741 635 939 671 usitatarum

184 688 344 722 cumulus
373 700 442 722 uno
470 697 628 734 tempore
659 688 852 722 sermonem
882 700 943 736 po—

185 738 260 786 puli
273 737 460 785 cujuslibet
472 737 652 772 constituit
667 764 676 772 .
703 737 844 772 Eruditi
857 738 945 772 dun-

185 797 307 831 taxat,
335 787 480 836 ingenio
508 800 577 822 non
608 788 743 835 vulgari
773 787 944 835 praediti,

185 837 223 874 ὅ(
252 838 314 886 qui
342 837 524 887 praecipue
552 838 710 887 Linguas
738 838 856 874 esteras
882 852 944 874 no—

186 902 293 933 vere,
334 891 531 937 complures
572 889 658 924 alias
696 890 787 925 ultra
824 903 945 925 nume—

186 953 262 975 rum
306 939 408 975 illum
447 940 633 975 efformant
669 953 708 975 ac
754 940 946 987 usurpant.

187 990 292 1036 Quod
330 1004 411 1039 ergo
448 991 569 1039 ingens
598 991 860 1026 Vocabulorum
889 1005 946 1026 co-

187 1044 243 1088 pia
282 1045 377 1089 genti
416 1043 475 1077 uni
514 1042 714 1085 tribuatur,
757 1055 826 1076 non
867 1041 947 1076 inde

187 1092 368 1139 sequitur,
406 1094 602 1138 quamlibet
639 1091 788 1139 ejusdem
833 1091 947 1140 gentis

187 1142 324 1177 Urbem
353 1143 449 1177 tanta
478 1142 589 1190 segete
616 1141 653 1177 in
683 1141 742 1177 usu
780 1141 947 1176 sermonis

187 1193 239 1228 sui
269 1192 360 1227 usam
392 1192 512 1241 fuisse3
543 1191 597 1228 sed
625 1192 767 1240 quidem
797 1205 839 1227 ex
869 1194 945 1227 uni·

185 1242 302 1278 versae
329 1245 455 1279 Gentis
493 1243 615 1287 illius,
652 1244 685 1278 ἃ
723 1253 795 1278 tam
824 1257 866 1278 ex
896 1245 945 1278 in·

188 1294 372 1330 doetorum
397 1321 406 1336 ,
445 1307 548 1341 quam
586 1293 770 1329 do&orum
810 1295 950 1342 loquela

188 1344 387 1380 confeffium
418 1344 514 1379 fuisse
543 1354 614 1378 tam
641 1345 848 1391 opulentum
874 1359 945 1380 ver—

189 1396 311 1430 borum
351 1395 627 1441 promtuarium.
666 1395 888 1442 Cuicumque
916 1409 945 1430 e>

190 1445 266 1480 nim
306 1444 465 1480 Civitati
502 1444 571 1479 fuit
610 1444 770 1492 semper,
809 1458 846 1479 ac
884 1446 951 1480 erit

188 1494 247 1531 sua
285 1493 470 1542 peculiaris
508 1494 712 1538 Dialeffius,
749 1495 783 1529 &
812 1498 949 1531 Vocum

191 1546 352 1592 aliquot,
382 1544 449 1580 five
483 1558 667 1592 paucarum
701 1544 768 1580 five
799 1546 951 1593 plurium

193 1595 292 1635 usus,
321 1609 390 1642 quo
419 1605 552 1630 ceterae
581 1594 698 1630 Urbes
726 1609 863 1631 caruere
881 1624 889 1638 ‚
918 1610 951 1631 a*

190 1647 251 1682 liis
280 1646 348 1682 suis
376 1647 407 1681 8<
437 1645 529 1693 ipsae
559 1645 778 1694 propriisque
807 1647 952 1681 vocibus

191 1697 377 1733 instrutstae
395 1724 402 1732 .
451 1699 573 1744 Itaque
619 1710 689 1744 quo
735 1697 841 1732 latius
888 1696 953 1733 sese

194 1747 376 1797 protendit
405 1747 516 1783 Natio
552 1747 669 1794 aliqua
705 1747 845 1795 ejusque
866 1748 953 1783 Lin—

192 1811 279 1847 gua,
308 1800 474 1843 majorem
497 1811 636 1845 quoque
656 1797 889 1845 deprehendas
917 1799 952 1834 in

192 1862 231 1885 ea
268 1851 405 1884 Vocum
445 1848 716 1884 abundantiam:
757 1862 845 1896 quae
882 1849 954 1885 dici

192 1899 334 1947 quidem
364 1899 500 1948 possunt
529 1902 642 1934 Voces
669 1900 795 1935 Gentis
833 1900 953 1943 illius,

193 1950 248 1986 sed
277 1964 346 1986 non
374 1963 495 1986 omnes
526 1949 605 1985 sunt
640 1949 849 1998 singularum
880 1951 953 1987 Ur-

195 2001 292 2037 bium
320 2001 445 2036 Gentis
474 2001 622 2048 ejusdem
653 2003 786 2037 Voces.
816 2005 891 2050 Ego
916 2003 953 2037 in

194 2051 449 2087 Mutinenfium
495 2051 658 2087 maletto
707 2052 952 2088 incredibilem

196 2103 332 2150 copiam
362 2102 568 2151 deprehendi
598 2102 769 2151 ejusmodi
799 2117 926 2139 vocum
944 2132 953 2147 ,

194 2165 279 2200 quas
330 2153 528 2189 Florentini
575 2155 713 2200 penitus
763 2154 952 2204 ignorant.

197 2205 318 2239 Parem
349 2203 495 2240 fortassis
523 2203 560 2241 &
587 2206 650 2240 alii
679 2205 715 2240 in
744 2204 812 2241 suis
843 2206 953 2242 Urbi—

196 2254 259 2289 bus
300 2265 360 2290 aut
405 2255 603 2291 Provinciis
645 2255 952 2293 animadvertent.

197 2304 360 2341 Profefflo
388 2306 449 2354 qui
479 2306 712 2342 Vocabularia
732 2310 865 2344 Graeca
892 2307 954 2343 fibi

197 2357 414 2392 contexenda
443 2357 611 2401 sumsere,
639 2370 709 2392 non
737 2358 815 2394 unis
841 2359 952 2394 Athe-

197 2406 251 2442 nis
280 2407 439 2456 usurpata
468 2409 676 2451 Vocabula,
714 2422 824 2455 neque
852 2409 954 2445 unius

197 2459 311 2494 Seculi
354 2460 596 2508 collegerunt;
635 2458 689 2494 sed
726 2461 832 2495 etiam
871 2473 955 2495 con-

199 2509 322 2555 gessere
348 2524 391 2545 ex
421 2511 578 2559 pluribus
607 2510 759 2555 Seculis,
796 2521 900 2558 atque
937 2525 956 2547 e

199 2560 432 2609 Scriptoribus
483 2561 722 2599 universarum
770 2561 926 2600 Urbium
943 2590 954 2607 ‚

1054 343 1124 366 non
1152 339 1289 365 tantum
1328 342 1371 365 ex
1408 328 1555 364 Graecia
1583 330 1615 364 8<
1646 329 1816 366 Macedo-

1054 382 1141 426 nia,
1178 379 1216 417 &
1254 379 1380 416 Infulis
1416 380 1551 428 Aegaei
1590 380 1723 421 maris,
1760 381 1817 416 sed

1053 434 1087 468 8<
1124 445 1167 468 ex
1210 431 1370 468 Urbibus
1411 430 1649 480 compluribus
1688 431 1817 476 Aliae,

1055 483 1092 520 &
1130 485 1311 532 Aegypti,
1348 496 1493 531 quarum
1532 482 1674 530 singulis
1712 496 1817 530 pecu-

1056 535 1152 570 liaris
1181 534 1362 570 DialeE'tus
1380 562 1389 578 ,
1428 533 1597 582 vocesque
1626 534 1817 582 peculiares

1057 585 1174 622 fuere.
1203 588 1256 621 Ita
1283 587 1490 633 opulentum
1529 599 1636 633 penus
1664 587 1818 620 Graecae

1059 637 1217 686 Linguae
1245 637 1342 673 dofi'ci
1370 636 1440 672 viri
1468 636 1681 672 instruxere.
1711 636 1819 681 Quod

1058 688 1165 723 etiam
1208 689 1250 723 de
1287 688 1440 723 Arabica
1476 688 1688 732 dicendum,
1731 699 1820 735 quae

1058 739 1145 774 olim
1176 739 1341 774 latiffime
1368 738 1549 774 dominata
1586 738 1651 774 est.
1690 739 1748 774 Ad
1787 739 1823 773 1-

1059 790 1201 825 talicam
1230 790 1407 839 Linguam
1436 790 1559 830 redeo,
1597 789 1708 824 filiam
1739 802 1821 838 pro-

1059 840 1150 876 fefiio
1178 841 1358 884 Latinae,
1395 851 1499 888 atque
1536 855 1577 876 ex
1616 841 1712 875 istius
1740 840 1822 887 qui-

1058 891 1135 926 dem
1174 891 1398 939 corruptione
1433 901 1572 936 natam,
1611 891 1665 926 sed
1704 891 1822 926 nihilo

1060 941 1167 977 secius
1196 941 1446 978 nobilissimam
1476 953 1580 989 atque
1609 941 1821 977 formosam.

1061 992 1216 1028 Minime
1258 1006 1340 1028 vero
1381 993 1654 1041 excogitandum
1681 1020 1691 1036 ‚
1732 993 1825 1028 Lin-

1059 1056 1144 1090 guae
1178 1043 1308 1078 nostrae
1336 1057 1439 1079 voces
1476 1057 1518 1078 ex
1547 1057 1588 1079 eo
1627 1042 1697 1078 fere
1734 1044 1824 1077 sem-

1061 1107 1118 1138 per
1144 1093 1242 1129 fonte
1271 1094 1454 1141 petendas.
1495 1096 1550 1130 Ne
1587 1094 1648 1142 ipsi
1677 1094 1821 1141 quidem

1063 1143 1240 1182 Romani,
1268 1144 1348 1178 dum
1379 1157 1492 1179 rerum
1522 1144 1659 1178 domini
1688 1145 1824 1187 essent,

1009 1222 1017 1231 ⁴
1059 1193 1213 1229 obfistere
1243 1203 1427 1242 poterant,
1466 1208 1508 1229 ne
1546 1194 1581 1229 in
1611 1194 1703 1229 suam
1735 1194 1827 1230 Lin-

1060 1258 1162 1294 guam
1206 1245 1406 1294 peregrinae
1444 1244 1482 1282 &
1521 1245 1683 1280 barbarae
1721 1259 1824 1281 voces

1063 1305 1273 1344 irreperent:
1317 1304 1450 1344 quanto
1487 1309 1570 1345 ergo
1608 1295 1748 1332 facilius
1788 1297 1827 1332 in

1061 1347 1207 1381 nostram
1238 1347 1381 1395 illapsae
1408 1346 1540 1382 fuerint
1578 1347 1649 1396 post
1684 1356 1738 1382 tot
1766 1350 1826 1383 Se-

1062 1398 1220 1432 culorum
1250 1397 1413 1441 cursum,
1451 1397 1489 1433 &
1527 1411 1569 1433 ex
1607 1412 1678 1445 quo
1705 1408 1826 1447 gentes

1061 1447 1153 1495 ipsae
1182 1448 1351 1483 Barbarae
1379 1447 1455 1483 suos
1484 1450 1571 1484 lares
1599 1449 1666 1485 huc
1692 1449 1830 1485 confer—

1064 1498 1192 1534 tiffime
1219 1499 1443 1542 transtulere,
1471 1500 1504 1533 &
1533 1513 1576 1535 ex
1597 1513 1667 1546 quo
1689 1500 1829 1536 diutur-

1064 1562 1145 1583 num
1175 1549 1425 1584 commercium
1466 1548 1534 1584 fuit
1571 1550 1665 1585 inter
1702 1551 1828 1586 ltaliae

1063 1599 1210 1644 populos
1238 1625 1248 1641 ,
1290 1598 1491 1646 ceterosque
1536 1599 1568 1634 ei
1612 1599 1788 1635 finitimos
1813 1627 1825 1644 ‚

1063 1648 1175 1684 immo
1200 1649 1234 1682 3<
1263 1648 1477 1696 longinquos
1498 1659 1712 1686 mercaturae
1733 1651 1830 1686 caus-'

1063 1700 1096 1734 sa
1125 1698 1226 1734 nobis
1254 1698 1446 1734 familiares
1473 1701 1506 1737 8(
1536 1699 1670 1737 notos?
1702 1702 1829 1738 Proin-

1063 1751 1104 1785 de
1124 1750 1220 1784 nulla
1241 1749 1286 1785 est
1306 1749 1432 1785 Italiae
1456 1749 1623 1795 Civitas,
1649 1751 1706 1788 cui
1728 1767 1826 1801 prae-

1064 1811 1116 1836 ter
1143 1803 1259 1835 Voces
1288 1813 1491 1836 communes
1519 1801 1700 1838 universae
1735 1804 1829 1840 Lin-

1064 1865 1150 1899 guae
1179 1851 1311 1886 nostrae
1339 1864 1409 1886 non
1440 1851 1506 1887 fint
1532 1854 1565 1887 &
1594 1853 1684 1889 aliae
1723 1867 1830 1901 pecu-

1065 1902 1169 1937 liares
1199 1901 1282 1949 (uti
1319 1901 1428 1937 etiam
1466 1903 1606 1951 propria
1646 1904 1831 1941 DialeEius

1064 1952 1138 2001 est)
1167 1961 1227 1988 aut
1254 1966 1297 1988 ex
1334 1953 1491 1997 Latino,
1529 1963 1589 1990 aut
1616 1968 1659 1991 ex
1687 1966 1828 1992 conter-

1065 2003 1171 2039 minis
1200 2003 1362 2052 gentibus
1389 2004 1556 2040 deduRae
1574 2033 1584 2049 ,
1612 2019 1696 2054 quas
1724 2007 1761 2043 in
1790 2021 1829 2043 a-

1064 2054 1124 2089 liis
1154 2054 1314 2089 Urbibus
1338 2053 1456 2090 frustra
1482 2069 1646 2103 quaeras.
1678 2061 1766 2094 Sunt
1793 2060 1827 2094 ὃς

1038 2118 1039 2123 ’
1065 2105 1153 2141 aliae
1182 2108 1296 2140 Voces
1332 2107 1392 2141 uni
1430 2120 1473 2142 ex
1512 2107 1647 2143 Italicis
1677 2109 1829 2144 Provin-

1066 2156 1131 2191 ciis
1171 2162 1404 2201 co‘mmunes,
1447 2158 1575 2205 quibus
1619 2159 1830 2196 Provinciae

1065 2208 1220 2255 reliquae
1248 2217 1391 2256 carent;
1431 2221 1542 2256 neque
1569 2210 1664 2245 enim
1693 2211 1832 2247 Tusco-

1065 2271 1142 2293 rum
1171 2267 1230 2293 aut
1260 2259 1581 2306 Neapolitanorum
1612 2274 1714 2297 voces
1742 2275 1830 2310 qua-

1065 2308 1173 2344 slibet
1208 2311 1328 2358 populi
1367 2312 1603 2347 Lombardiae
1640 2312 1833 2362 usurpant,

1066 2360 1119 2394 uti
1147 2373 1259 2407 neque
1285 2361 1413 2396 nostras
1441 2362 1518 2398 illi.
1546 2365 1599 2398 Ex
1629 2363 1683 2399 his
1709 2374 1827 2399 autem

1065 2419 1141 2446 tum
1170 2412 1441 2451 communibus,
1479 2423 1553 2448 tum
1593 2415 1828 2462 peculiaribus

1067 2463 1258 2498 Vocabulis
1284 2477 1347 2499 nos
1368 2464 1534 2512 majorem
1562 2475 1694 2513 partem
1717 2480 1734 2501 a
1756 2469 1828 2502 La-

1065 2512 1140 2548 tina
1161 2514 1248 2549 olim
1273 2513 1418 2549 florente
1441 2515 1580 2563 Lingua
1601 2518 1822 2564 accepimus;

1065 2565 1251 2601 nonnullas
1273 2566 1420 2614 majores
1441 2566 1544 2602 nostri
1566 2567 1824 2617 procuderunt;

1693 2617 1776 2653 reli-
