2169 3047
271 208 349 250 801

553 197 917 245 DISSERTATIO
949 199 1487 244 TRJGESJMATERTJAs

257 264 429 301 vocabula
462 261 629 306 Finezza,
654 256 826 303 Affinu,
853 257 962 304 Raffi-
1005 264 1033 299 Α

258 329 354 355 nare,
383 315 449 348 &c-

208 366 314 405 Fino,
341 363 463 407 Infino.
492 362 609 409 Usque.
646 359 739 395 Vide
774 357 865 395 infra
900 372 963 396 vo-

258 428 332 452 cem
362 416 457 447 Sino.

206 467 287 501 tio.
309 467 431 510 Pagare
456 463 481 496 il
505 462 585 498 Fio.
609 465 707 497 Lucre
727 472 861 508 poenas.
883 461 963 496 Pol-

255 514 377 551 licitus
406 512 515 548 fuerat
541 513 750 561 Menagius,
776 511 808 547 se
832 513 873 546 de
901 511 963 546 hac

255 563 366 615 phrasi
396 564 605 611 proverbiali
636 563 706 598 fore
735 561 959 610 pertraRatu-

255 627 356 651 rum.
385 616 438 650 At
464 614 556 649 nihil
586 614 654 648 tale
682 614 718 648 in
748 613 820 659 ejus
851 613 963 648 Libro

255 665 405 713 reperire
427 664 524 710 potui
537 691 546 698 .
562 663 700 711 Utique
718 665 778 697 Fio
798 676 859 711 pro
879 665 961 696 Feu-

253 717 294 750 do
321 714 429 751 Tusci
460 714 650 761 Scriptores
687 713 877 748 adhibuisse
909 712 959 748 vi-

253 765 402 813 dentur3
425 773 460 800 at
483 764 565 800 haec
587 763 688 800 notio
711 763 801 798 nihil
824 761 957 809 respon-

254 815 313 851 det
340 814 538 863 hujusmodi
577 813 705 863 phrasi.
742 813 838 858 Quid
868 813 962 848 enim

253 865 464 914 significaret
488 876 607 911 pagare
631 865 656 898 il
679 866 816 898 Feuao?
840 864 958 908 Quan—

255 918 330 952 tum
360 929 424 965 ego
451 917 624 962 conjicere
655 915 808 961 possum,
836 916 898 948 Fao
925 913 961 948 in

253 965 362 1016 phrasi
401 966 465 1002 illa
501 965 670 1014 significat
709 966 857 1009 Usumm.
887 966 963 999 An-

253 1016 345 1065 glica
365 1018 504 1065 Lingua
525 1017 626 1051 habet
645 1018 728 1057 Fee,
744 1013 961 1063 significans,

252 1069 452 1106 Praemium,
482 1068 676 1108 Mercedem,
707 1068 852 1099 Donum.
885 1065 960 1097 An-

253 1118 314 1165 glo
342 1120 492 1151 Saxones
514 1119 577 1149 Feo
603 1116 745 1160 dixere;
771 1114 803 1147 ἃ
834 1114 958 1147 Eccar-

250 1167 296 1200 do
325 1165 404 1200 teste
432 1165 468 1200 in
499 1164 605 1199 Notis
632 1163 674 1198 ad
701 1163 775 1197 Tit.
803 1164 868 1198 lv,
890 1163 955 1198 Le-

248 1215 303 1263 gis
333 1215 485 1259 salicae,
514 1216 577 1249 Fxo
603 1212 641 1249 ὃ(
674 1214 760 1248 Fibu
795 1211 960 1248 scribitur

248 1265 440 1302 Theotisce
458 1293 468 1306 ,
504 1276 609 1312 atque
645 1263 720 1312 ipso
747 1262 891 1300 testante
919 1262 955 1298 s1-

251 1314 397 1363 gnificat
433 1316 620 1357 pecuniam,
659 1327 751 1359 opes.
790 1316 958 1348 Foenera-

252 1374 344 1400 tores
370 1363 504 1399 Gallici
533 1362 570 1398 ὅ(
598 1362 744 1409 Anglici
772 1364 863 1397 ultra
891 1361 954 1397 sor·

252 1423 325 1450 tem
364 1413 430 1449 sive
469 1412 648 1459 pecuniam
688 1421 811 1446 mutuo
844 1411 958 1446 datam

254 1464 442 1512 exigebant
471 1463 528 1498 sub
560 1461 702 1497 nomine
730 1462 890 1505 praemii,
921 1460 959 1495 si-

253 1527 297 1550 ve
326 1514 434 1557 Doni,
472 1512 650 1550 Usuram.
688 1514 784 1548 Haec
823 1523 960 1559 propte-

253 1578 311 1601 rea
348 1565 520 1612 appellata
557 1562 694 1598 fortasse
731 1561 799 1597 fuit
829 1564 891 1596 Fio
926 1575 961 1597 e-

252 1615 340 1651 tiam
378 1616 419 1650 ab
448 1615 574 1653 Italis,
611 1612 647 1648 in
676 1611 795 1648 Gallia
821 1612 855 1646 δ(
887 1613 961 1646 An-

252 1666 324 1715 glia
364 1668 497 1700 foenus
535 1663 771 1706 facientibus,
808 1672 848 1697 ut
884 1661 959 1697 dixi

252 1716 291 1752 in
322 1714 570 1751 Dissertatione
600 1714 696 1748 XVI.
730 1714 770 1747 de
806 1715 960 1747 foenera-

252 1765 373 1800 toribus
389 1792 398 1801 .

199 1819 318 1852 Floro·
356 1820 502 1851 Raucus.
541 1816 574 1850 A
613 1811 794 1856 Faucibus,
833 1812 885 1848 ita
923 1823 960 1848 ut

250 1865 462 1915 significetur
478 1879 540 1900 vox
556 1864 700 1908 faucibus
719 1865 867 1903 haerens,
889 1861 959 1898 fru—

248 1917 313 1953 stra
350 1916 523 1964 originem
561 1914 723 1950 vocabuli
763 1913 863 1962 hujus
903 1927 959 1962 pe—

251 1967 314 2002 tiit
336 1966 531 2001 ferrarius.
557 1965 618 2000 Sed
646 1977 755 2010 neque
780 1963 869 2000 mihi
897 1977 959 1999 un-

251 2029 355 2064 quam
379 2015 593 2062 persuadebit
615 2014 823 2063 Menagius,
850 2014 956 2062 ipsam

251 2078 375 2101 vocem
404 2065 568 2102 emerfiffe
594 2079 637 2101 ex
665 2065 784 2100 eodem
816 2064 958 2100 nomine

250 2120 410 2159 Raucus,·
437 2129 634 2164 quanquam
671 2115 702 2151 is
736 2114 827 2150 nihil
857 2115 957 2150 dubi-

250 2175 328 2202 tans
348 2168 469 2202 addat:
500 2169 550 2202 Ne
568 2167 659 2201 viene
676 2165 791 2206 ficum.
815 2167 843 2200 E
865 2169 957 2200 Rau-

248 2230 301 2252 cus
329 2217 369 2252 ad
398 2231 459 2253 nos
488 2217 585 2252 venit
613 2221 717 2257 Raso,
746 2228 814 2251 non
843 2216 956 2251 Fioco.

250 2268 298 2302 Et
335 2269 396 2302 Fio
433 2267 597 2303 Italicum
635 2266 813 2313 exsurgere
851 2265 957 2312 potest

248 2329 294 2352 ex
322 2320 404 2363 Flo,
432 2331 502 2354 non
532 2320 612 2353 verb
639 2330 658 2351 e
686 2321 781 2351 Rau.
807 2317 956 2351 Tolera-

249 2367 360 2403 bilior
407 2368 548 2412 proinde
597 2366 793 2414 conjec'tura
839 2365 956 2410 foret,

249 2418 416 2453 deducere
443 2420 536 2453 Fioso
562 2432 580 2454 e
607 2417 740 2454 Latino
768 2416 956 2460 flaccidas,

250 2477 309 2504 aut
341 2469 489 2504 Flaccus.
519 2471 611 2504 Nam
639 2466 697 2504 etsl
719 2467 799 2503 inde
820 2466 957 2502 deriva-

251 2527 325 2553 tum
357 2517 462 2554 fuerit
487 2519 620 2564 Fiam,
646 2517 723 2555 fieri
750 2526 866 2554 tamen
895 2530 955 2566 po-

299 2572 389 2605 Tom.
417 2571 472 2605 VI.

1691 208 1745 249 80

1127 259 1220 303 tuit,
1245 269 1283 296 ut
1310 259 1403 294 Fioco
1430 259 1537 295 etiarn
1562 261 1734 311 originem
1754 222 1834 302 ²tra-

1127 311 1239 348 xerit.
1268 312 1398 346 Verum
1427 323 1491 358 ego
1519 310 1607 346 nihil
1637 314 1806 352 decerno.

1076 363 1256 407 Fischiare.
1281 362 1439 396 Sibilare.
1475 360 1661 409 Menagius
1689 365 1722 398 &
1752 368 1834 402 Fer..

1126 412 1236 449 rarius
1272 425 1290 448 a
1327 411 1475 455 Fistula,
1503 412 1681 456 fistulam,
1709 413 1747 450 ἃ
1778 415 1834 451 in-

1127 464 1168 500 de
1196 463 1356 506 Fischt'are
1382 471 1502 498 natum
1536 472 1678 509 putant.
1712 466 1743 499 A
1773 478 1835 501 ve-

1126 528 1166 551 ro
1195 527 1263 549 non
1291 513 1452 549 abhorret
1487 512 1656 561 ejusmodi
1686 516 1835 559 Erymo-

1127 565 1249 614 logia.
1288 566 1481 605 Attamen,
1519 576 1625 610 quum
1663 565 1758 601 aliud
1793 566 1836 603 fit

1130 616 1274 658 Ftstutae
1301 613 1423 658 sonus,
1450 615 1483 649 &
1512 617 1582 650 oris
1614 614 1753 659 fibilus,
1781 617 1838 653 vi-

1127 666 1301 708 dendum,
1329 678 1371 700 an
1409 665 1526 713 potius
1553 678 1571 700 a
1610 664 1694 701 sono
1721 666 1837 713 fibili,

1129 726 1190 752 aut
1227 730 1245 751 a
1281 715 1493 751 Germanico
1534 716 1640 751 verbo
1677 718 1838 763 Biscben,

1126 766 1219 815 quod
1256 767 1416 812 Fischiare
1446 765 1636 815 significat,
1664 768 1833 804 emanasse

1126 831 1197 853 vox
1226 816 1283 852 ista
1313 816 1486 865 potuerit.
1517 816 1584 852 Uti
1613 817 1680 864 jam
1710 820 1835 855 monui

1126 871 1168 904 B.
1196 868 1233 903 in
1271 870 1308 903 V.
1338 866 1552 912 consonans,
1581 867 1615 902 &
1655 871 1691 903 V.
1730 870 1835 916 presse

1132 918 1398 965 pronuntiatum
1430 917 1466 953 in
1495 920 1535 953 F.
1563 916 1666 953 facile
1693 919 1837 955 transit.

1130 968 1223 1004 Fieri
1262 977 1379 1004 tamen
1409 968 1537 1016 potest,
1566 977 1604 1003 ut
1639 981 1747 1016 aeque
1774 982 1837 1005 nos

1130 1032 1169 1054 ac
1197 1017 1254 1054 illi
1281 1032 1300 1054 a
1327 1018 1412 1054 sono
1439 1031 1561 1054 vocem
1599 1019 1839 1055 efformaveri-

1125 1080 1224 1106 mus,
1249 1068 1341 1115 quod
1370 1069 1406 1103 in
1433 1078 1489 1103 tot
1512 1068 1592 1103 aliis
1618 1067 1746 1104 fafflum
1772 1083 1838 1106 no-

1126 1116 1266 1152 vimus.
1294 1117 1387 1153 Vide
1415 1117 1513 1162 supra
1542 1119 1696 1162 Buffare.

1000 1156 1032 1193 C
1074 1165 1189 1202 Fine.
1229 1165 1373 1211 Affitto.
1415 1166 1507 1202 Vide
1548 1167 1838 1207 Dissertationcm

1005 1609 1034 1641 D

1127 1218 1186 1252 XI.
1212 1217 1252 1251 de
1277 1217 1444 1252 Allodiis.

1075 1268 1216 1312 floscio.
1243 1269 1428 1302 Enervatus
1445 1293 1453 1301 .
1481 1266 1652 1315 Menagio
1683 1267 1841 1306 intenta-

1125 1327 1160 1353 ta
1188 1330 1281 1353 vox.
1310 1319 1342 1351 A
1373 1316 1506 1353 Latino
1533 1318 1699 1353 Flaccidus
1727 1319 1838 1368 suspi-

1125 1366 1197 1401 cari
1239 1365 1421 1413 quisquam
1467 1366 1567 1412 poffit
1610 1367 1837 1406 hauriendam

1125 1416 1214 1451 hanc
1243 1428 1387 1452 vocem.
1424 1417 1595 1451 Attamen
1624 1417 1680 1453 illi
1720 1421 1838 1465 potius

1127 1466 1301 1515 originem
1344 1466 1440 1502 dedit
1476 1467 1648 1503 Latinum
1686 1470 1837 1516 Fluxus,

1126 1525 1165 1553 ut
1191 1517 1285 1558 vestis
1307 1516 1404 1562 fluxa
1431 1515 1503 1553 &c-

1075 1568 1220 1614 Foggia.
1247 1568 1388 1608 Modus,
1415 1567 1537 1609 Ratio,
1564 1567 1618 1604 uti
1653 1568 1742 1606 hanc
1770 1584 1834 1607 vo-

1125 1629 1200 1652 cem
1228 1617 1408 1664 explicant
1431 1616 1605 1654 Au&0res
1634 1621 1834 1657 Vocabula-

1126 1666 1172 1702 rii
1210 1666 1431 1703 Florentini-
1469 1669 1677 1717 Menagium
1715 1671 1837 1707 audia-

1126 1730 1228 1752 mus.
1267 1720 1323 1752 Da
1358 1718 1494 1760 Facies,
1530 1720 1656 1759 Facia,
1693 1722 1833 1766 faccia,

1127 1769 1275 1814 Foggia.
1299 1772 1326 1801 O
1347 1768 1493 1814 piuttosto
1515 1771 1559 1804 da
1583 1771 1741 1810 Fabrku,
1766 1774 1836 1806 Fa-

1129 1817 1256 1861 bricio,
1293 1818 1471 1863 famma,
1507 1821 1655 1860 famia,
1691 1823 1837 1867 Foggr'a.

1126 1867 1308 1915 Ejusmodi
1334 1869 1474 1915 Etymis
1497 1869 1594 1905 suum
1622 1882 1751 1906 nomen
1774 1871 1836 1908 da-

1125 1932 1162 1954 re
1189 1919 1292 1954 nolo.
1326 1919 1463 1966 Quanti
1499 1919 1564 1956 slnt
1600 1920 1834 1968 aestimanda,

1126 1969 1273 2016 prudens
1310 1970 1462 2015 Lefflor‚
1490 1972 1547 2007 vel
1585 1985 1640 2008 me
1672 1982 1836 2017 tacente,

1126 2019 1251 2054 novit.
1279 2020 1375 2055 Mihi
1411 2021 1566 2057 creditur
1592 2022 1835 2060 Mercatorum

1126 2082 1221 2112 vox,
1256 2083 1275 2105 e
1310 2071 1429 2106 Gallia
1466 2071 1504 2105 in
1540 2072 1707 2106 Tusciam
1745 2073 1836 2109 olim

1125 2119 1316 2166 importata
1345 2121 1482 2165 (neque
1509 2120 1602 2154 enim
1633 2121 1696 2156 illa
1722 2123 1837 2158 Lom-

1125 2169 1265 2204 bardica
1305 2168 1485 2204 Dialec'ius
1519 2170 1656 2219 utitur)
1685 2181 1789 2219 atque
1817 2186 1836 2209 e

1125 2220 1267 2255 Gallico
1305 2221 1407 2265 Forge
1442 2219 1619 2257 derivata.
1659 2223 1726 2257 Pro
1753 2226 1836 2258 For-

1122 2270 1202 2316 gia,
1224 2270 1306 2305 dura
1333 2269 1591 2317 aliquantulum
1622 2284 1730 2315 voce,
1756 2275 1834 2309 Tu-

1127 2320 1174 2356 sci
1201 2329 1331 2356 veteres
1353 2320 1477 2357 dixisse
1497 2322 1661 2357 videntur
1685 2324 1833 2369 Foggia,

1126 2370 1289 2419 idemque
1325 2372 1440 2417 primo
1477 2371 1702 2420 significasse,
1738 2374 1833 2420 quod

1125 2434 1217 2457 nunc
1243 2423 1278 2456 la
1304 2425 1427 2467 Mada,
1455 2436 1561 2470 quum
1592 2423 1633 2458 de
1663 2423 1831 2468 vestibus,

1125 2473 1228 2514 telis,
1254 2472 1402 2520 aliisque
1438 2473 1646 2510 manufaRis
1676 2473 1831 2522 agimus.

1126 2522 1290 2559 Profes‘cb
1326 2522 1415 2572 apud
1451 2524 1574 2560 Gallos
1609 2527 1711 2571 forge
1738 2536 1831 2561 nunc

1205 2574 1234 2606 E
1262 2585 1279 2606 e
1306 2584 1324 2606 e
1679 2572 1784 2621 figni-
