2169 3047
268 222 350 274 3⁶9

1699 221 1784 261 57Φ

200 471 1022 568 DISSER

1095 466 1839 563 TATIO

412 661 1626 738 TRIGESIMATERTIA,

347 839 375 866 ’ζ’
410 853 559 879 24*·4=
590 837 626 872 N
647 835 866 883 praecedenti
884 835 964 872 Dis·
987 835 1035 880 {A

418 891 422 898 ³
511 886 560 889 —
605 886 793 923 serratione
822 888 863 922 de
892 887 963 921 Ori-

600 938 676 984 gine
688 940 817 973 Italicae
836 938 963 973 floren-

516 1025 543 1035 ἡ,
605 989 650 1023 tis
682 990 828 1035 Linguae
856 989 961 1024 latio-

398 1074 409 1086 *
451 1040 484 1076 ‚⁵
534 1037 562 1062 *3³
603 1040 630 1074 ri
659 1041 809 1086 quodam
838 1053 961 1074 excur—

348 1096 360 1125 τ
470 1090 561 1136 gig-gur
603 1089 636 1124 su
655 1087 736 1137 egi3
757 1103 847 1124 nunc
870 1089 959 1124 mihi

406 1123 557 1186 ξιξ-ζῴη
601 1138 740 1185 pressius
754 1139 886 1183 aliquid
901 1139 958 1175 ad-

488 1185 500 1188 q
519 1183 553 1196 X*
598 1189 746 1224 dendum
782 1192 823 1224 de
851 1191 956 1236 Origi-

192 1250 231 1271 ne
273 1239 454 1273 Italisarum
505 1243 638 1276 Verum.
687 1242 959 1287 Etymolograrum

191 1287 339 1323 studium
371 1288 408 1325 &
436 1304 514 1326 cura
545 1293 652 1339 vulgo
680 1291 825 1326 ind06³c0
853 1305 958 1339 prope

191 1337 308 1374 inanis
339 1343 435 1375 [abor
474 1342 580 1376 videri
624 1343 731 1384 solet,
760 1341 851 1385 quasi
881 1343 953 1378 exi·

192 1402 279 1437 guus
310 1392 528 1426 Eruditionis
568 1392 698 1426 frucstus
730 1392 811 1426 inae
840 1393 958 1428 conse-

192 1450 338 1486 quatur.
377 1444 436 1475 Sed
467 1442 561 1477 aliud
590 1443 633 1477 est
673 1442 873 1487 sapientum
906 1443 956 1490 ju-

192 1491 351 1538 dicium3
384 1505 460 1526 nam
501 1502 539 1527 ut
567 1493 603 1527 in
643 1506 754 1527 mores
792 1494 957 1540 antiquo-

191 1553 267 1576 rum
309 1541 486 1577 universos
527 1542 634 1578 fertur
670 1542 893 1578 Eruditionis
922 1557 955 1578 a-

193 1603 331 1630 mator.
369 1592 419 1627 ira
456 1594 564 1628 eriam
604 1603 698 1629 amat
735 1593 956 1642 dignoscere,

193 1642 285 1677 unde
324 1642 490 1679 sermonis
530 1644 581 1680 sui
621 1644 761 1688 copiosa
803 1643 956 1691 supellex

191 1693 367 1740 originem
407 1695 574 1730 traxerit.
613 1695 766 1732 Laudari
804 1694 883 1730 sunt
919 1709 957 1730 ea

190 1742 233 1778 de
271 1744 384 1779 caussa
413 1745 517 1780 multi
555 1759 598 1781 ex
637 1745 816 1792 antiquis,
861 1740 1026 1802 iiquei'C

189 1792 340 1842 insignes
379 1796 590 1842 Scriptores.
628 1795 880 1842 Quinf'tiliano
920 1810 954 1831 e-

189 1843 279 1879 tiam
318 1845 398 1880 teste
432 1846 514 1882 Lib.
544 1849 571 1882 Ι.
610 1849 697 1895 Cap.
735 1848 769 1882 6.
807 1847 955 1881 Continet

189 1894 224 1929 u'n
252 1895 280 1933 (e
307 1898 507 1943 Etymologia
543 1898 675 1932 multam
710 1898 952 1933 Eruditionem.

189 1947 414 1993 Quapropter
438 1948 480 1983 ad
505 1947 611 1984 hocce
636 1948 784 1984 studium
810 1948 842 1983 se
869 1962 952 1984 con-

189 1998 323 2038 tulere.
350 1998 382 2032 8<
412 2011 481 2033 non
510 1999 722 2035 mediocrem
751 2013 794 2034 ex
822 2013 863 2034 eo
889 2013 952 2035 vo-

190 2046 364 2093 luptatem
395 2050 589 2085 retulerunt
615 2064 653 2086 ac
685 2051 824 2086 laudem
849 2051 952 2085 ambo

189 2098 379 2144 Scaligeri‚
408 2099 565 2147 Lipsius,
593 2101 796 2144 Salmasius,
829 2100 951 2136 Meur-

188 2146 254 2182 fius
272 2176 280 2185 ,
309 2147 502 2186 Matrinius
523 2179 533 2195 ,
569 2152 742 2196 Johannes
778 2152 950 2188 Gerardns

189 2197 329 2234 Voffius
346 2227 356 2242 ‚
397 2202 628 2251 Du—Cangius
645 2231 655 2247 ‚
691 2203 763 2238 viri
803 2203 949 2250 magni,

186 2250 417 2286 Guillielrnus
438 2255 621 2288 Somnerus
633 2279 644 2294 ‚
659 2255 694 2289 &
714 2253 926 2290 Hic-Kefius
940 2281 949 2298 ‚

188 2310 227 2335 ut
255 2301 451 2337 Beccanum
488 2303 666 2339 hominem
706 2304 851 2341 somniis
891 2305 949 2339 de—

185 2349 300 2385 ditum
318 2378 327 2393 ,
347 2354 586 2389 Covaruviam
601 2382 611 2397 ,
636 2353 832 2391 Caninium
847 2383 856 2399 ,
878 2356 947 2390 Ni—

187 2402 345 2445 cotium,
373 2404 529 2452 aliosque
557 2415 788 2453 praeteream.
817 2405 948 2441 Postre-

185 2452 254 2488 mis
294 2453 403 2488 etiam
455 2455 548 2491 hisce
589 2456 833 2503 temporibus,
875 2455 946 2502 post

187 2502 408 2540 Leibnitium
422 2529 432 2544 ,
453 2507 487 2541 &
509 2506 719 2542 Schilterum
747 2506 841 2542 viros
862 2507 945 2542 Cla-

186 2552 364 2601 riffimos,
399 2557 434 2592 ὃς
474 2557 516 2594 de
555 2556 766 2595 Germanica
805 2557 947 2606 Lingua

990 2193 1022 2226 D

1032 2433 1036 2559 Ι

1032 2564 1034 2589 ἰ

1032 2593 1034 2601 .

1067 833 1204 882 optime
1226 833 1395 876 meritos,
1416 832 1455 869 in
1475 831 1717 881 Etymologiis
1742 833 1836 870 Lin-

1069 899 1213 935 guarum
1249 885 1449 934 vulgarium
1478 883 1606 919 famam
1645 883 1706 919 fibi
1735 897 1837 920 com-

1071 936 1209 984 paravit
1242 936 1415 979 Johannes
1452 934 1624 982 Georgius
1661 936 1836 970 Eccardus

1070 987 1163 1022 inter
1191 988 1385 1021 Germanos
1421 987 1479 1020 vir
1508 984 1679 1033 spe&atae
1719 986 1837 1021 erudi-

1070 1037 1200 1073 tionis.
1236 1037 1295 1072 Ad
1333 1038 1511 1085 Linguam
1550 1049 1632 1070 vero
1669 1035 1837 1071 Italicam

1071 1088 1162 1132 quod
1201 1087 1355 1133 speffiat,
1391 1088 1464 1135 ejus
1500 1085 1699 1134 originem,
1730 1096 1838 1133 atque

1070 1137 1316 1183 Etymologias
1344 1150 1497 1176 vocum,
1525 1137 1631 1171 multi
1660 1136 1838 1172 illustran-

1068 1189 1127 1223 das
1166 1187 1365 1235 suscepere,
1403 1200 1528 1234 nempe
1570 1185 1837 1232 Castelvetrus‚

1068 1240 1100 1273 8<
1131 1239 1317 1274 Taffonius
1355 1236 1598 1279 Mutinenses,
1631 1236 1837 1281 Cardinalis

1070 1291 1151 1325 Bem
1160 1293 1219 1325 bus
1232 1318 1241 1332 ,
1255 1289 1450 1325 Accarlfius
1463 1316 1473 1333 ,
1489 1287 1710 1324 Monosmius
1724 1313 1734 1328 ‚
1750 1289 1837 1324 Cel-

1069 1343 1120 1376 sus
1137 1340 1363 1377 Cittadinius
1376 1368 1385 1384 ,
1402 1339 1555 1377 Carolus
1574 1341 1685 1374 Datus
1698 1367 1706 1382 ‚
1726 1342 1849 1389 Fran-X

1068 1392 1177 1426 ciscus
1216 1392 1367 1431 Redius,
1407 1391 1587 1425 Antonius
1627 1390 1834 1435 salvinius,

1065 1442 1097 1476 8<
1128 1443 1310 1488 praecipue
1342 1441 1513 1476 Offivius
1553 1440 1750 1481 Ferrarius,
1779 1450 1835 1477 at-

1065 1505 1132 1538 que
1161 1493 1333 1541 Aegidius
1358 1491 1567 1538 Menagius‚
1593 1504 1741 1538 quorum
1771 1505 1835 1541 po-

1065 1542 1228 1584 stremus,
1266 1542 1325 1577 etsi
1363 1552 1466 1590 gente
1503 1542 1649 1584 Gallus,
1682 1542 1832 1578 nostram

1064 1602 1181 1627 tamen
1210 1592 1387 1640 Linguam
1416 1591 1630 1634 illustravit,
1655 1591 1753 1626 edito
1780 1595 1833 1626 0-

1064 1656 1164 1690 pere,
1186 1642 1242 1677 cui
1268 1643 1395 1677 titulus
1418 1645 1461 1676 Le
1483 1641 1614 1683 Origini
1636 1642 1723 1676 della
1748 1644 1833 1677 Lin-

1061 1707 1126 1740 gua
1154 1694 1317 1735 Italiana,
1349 1694 1456 1727 Anno
1489 1694 1594 1737 1685.
1625 1693 1754 1727 Verum
1785 1693 1832 1729 li-

1064 1754 1140 1778 ceat
1168 1744 1257 1779 mihi
1285 1743 1421 1782 dicere,
1450 1744 1560 1778 multa
1596 1742 1830 1781 desiderantur

1063 1794 1100 1829 in
1123 1795 1189 1838 iis,
1211 1794 1272 1843 qui
1294 1793 1459 1829 hastenus
1486 1793 1739 1829 vocabulorum
1763 1809 1829 1831 no·

1064 1845 1206 1880 strorum
1253 1844 1428 1893 originem
1476 1843 1554 1878 sunt
1601 1843 1828 1891 persequuti.

1064 1896 1185 1931 Nimis
1209 1895 1304 1931 enim
1330 1894 1433 1930 facile
1458 1893 1520 1929 fibi
1546 1893 1738 1942 persuasere
1764 1896 1830 1931 do—

1062 1946 1111 1981 &i
1140 1946 1232 1990 viri,
1262 1945 1323 1981 vix
1352 1947 1462 1982 ullam
1501 1958 1623 1979 vocem
1654 1944 1685 1980 se
1724 1947 1833 1983 nobie

1062 1997 1207 2040 offerre,
1244 2010 1332 2044 quae
1369 2005 1428 2031 aut
1466 2009 1509 2031 ex
1546 1996 1736 2036 Graeciae,
1766 2007 1828 2034 aut

1061 2062 1103 2083 ex
1132 2047 1232 2084 Latii
1261 2046 1417 2082 fontibus
1445 2060 1515 2082 non
1543 2046 1584 2082 fit
1612 2048 1828 2085 arcessenda.

1063 2100 1190 2134 Hercle
1218 2098 1409 2133 falluntur.
1447 2100 1533 2133 Sunt
1561 2098 1594 2132 &
1623 2098 1712 2134 aliae
1740 2112 1826 2146 gen-

1060 2159 1133 2191 tes,
1163 2149 1250 2197 apud
1288 2163 1372 2196 quas
1409 2147 1655 2196 expiscandum
1695 2148 1760 2188 est,
1788 2151 1825 2185 δε

1061 2200 1148 2235 unde
1170 2209 1266 2235 certo
1286 2199 1471 2248 colligitur
1492 2212 1561 2234 non
1584 2198 1711 2248 exigua
1736 2199 1827 2236 mes-

1060 2250 1099 2286 sis
1136 2264 1264 2286 vocum
1301 2263 1393 2286 nunc
1431 2250 1468 2285 in
1506 2249 1611 2286 Italia
1645 2250 1825 2297 usurpata-

1060 2314 1157 2337 rum.
1196 2304 1319 2349 Neque
1357 2301 1540 2337 meliorem
1579 2300 1673 2336 viam
1711 2301 1823 2339 iniere

1060 2352 1144 2396 alii,
1176 2351 1302 2400 quibus
1339 2351 1412 2388 visa
1449 2351 1494 2387 est
1531 2351 1671 2400 Lingua
1709 2352 1821 2389 nostra

1059 2404 1210 2439 multum
1236 2411 1395 2439 mutuata
1419 2416 1462 2438 ex
1490 2401 1708 2438 Provinciali
1736 2403 1823 2440 Dia-

1058 2453 1173 2493 lee'm,
1194 2463 1254 2489 aut
1275 2468 1317 2489 ex
1345 2453 1540 2489 Hebraica.
1572 2455 1623 2488 Ex
1649 2456 1820 2491 Aramaea

1058 2517 1197 2552 quoque
1234 2504 1375 2553 Lingua
1404 2503 1594 2539 somniavit
1633 2506 1821 2540 Giambul-

1058 2555 1166 2592 larius
1193 2555 1364 2593 effluxisse
1393 2555 1562 2592 vocabula
1588 2556 1700 2590 multa
1729 2554 1819 2593 Lin-

1682 2617 1769 2651 guae
