2169 3047
390 219 476 260 947
738 199 1107 261 amr-Qum
1146 197 1365 246 Mam]
1397 198 1557 245 5113121
1815 204 1903 260 94⁸

381 261 576 313 gnificans,
607 258 769 297 adhibere
800 262 921 310 vulgus
954 260 1092 309 coepit,
1128 262 1162 297 A
1256 261 1328 297 cite
1371 261 1602 311 exprimimus
1643 269 1790 310 exponere
1830 264 1968 311 periculo

380 318 474 363 quod
499 311 616 350 senfim
647 313 682 348 in
706 314 912 355 lucrandas,
933 314 966 347 δι
997 325 1090 349 com·
1254 312 1459 361 poenitendi.

380 364 502 415 perid-ii
534 363 649 400 caussfi
686 364 721 398 in
751 364 914 404 Increscit,
943 365 1092 409 Incresce,
1206 365 1404 410 Riscuotere.
1430 366 1588 414 Exigere,
1615 368 1752 414 Cogere,
1787 368 1968 412 Recupera-

380 415 487 454 evafit
501 442 509 451 .
531 416 669 451 Adduo
692 419 761 459 Re,
780 414 1003 451 efformatum
1024 416 1093 452 fuit
1255 430 1288 451 re
1305 417 1486 463 pecuniam.
1514 416 1682 452 Affentiri
1705 417 1875 465 Menagio
1895 430 1967 453 non

381 471 435 504 Re
456 467 618 511 Increscit,
650 468 829 510 Rincrelce.
869 468 1093 517 fredegarius

381 517 556 555 chronici
583 517 818 552 Franchorum
851 517 1007 562 Auaor,
1032 518 1093 567 qui

382 570 508 606 seculo
545 566 673 602 Christi
715 569 795 603 VH.
833 567 984 606 floruisse
1021 582 1094 606 cre-

381 621 504 658 ditur,
532 619 619 665 Cap.
647 619 705 654 60.
732 618 817 655 haec
855 619 985 656 habet:
1026 623 1092 655 No-

381 672 471 705 mina
506 669 770 712 concubinarum,
806 683 839 704 eo
875 672 957 716 quod
990 672 1095 717 plures

379 718 530 766 fuiffent,
568 721 704 754 lucre-vit
740 720 810 755 huic
837 722 1007 757 Chronicae
1042 722 1090 756 in-

377 771 507 817 serere:
541 769 626 806 idest
658 772 792 818 Ptguit.
832 772 889 808 Ab
929 775 1100 820 Ingravere

384 822 552 857 videntur
589 831 721 858 veteres
757 822 964 871 exsculpiffe
998 827 1099 859 Incre-

385 873 461 916 vit‚
482 885 575 907 nunc
597 873 699 909 nobis
721 875 884 915 Increbbe,
906 877 1099 911 Rincrebbe.

334 922 475 961 Riotta.
513 927 628 966 Rrxa,
664 926 856 964 Contentio.
894 928 948 962 En
985 925 1100 974 qualis

385 974 574 1012 secundum
606 973 815 1025 Menagium
844 978 947 1028 origo
975 977 1074 1013 vocis
1091 1003 1099 1012 .

385 1026 514 1067 Rixia,
552 1026 696 1062 Rixum.
734 1030 914 1069 Rbeatam,
954 1029 1101 1069 Rixuta,

385 1077 532 1120 Rixota,
561 1078 682 1117 Riota,
719 1081 856 1115 Riotta.
893 1079 1008 1115 Facili
1037 1078 1102 1113 hac

388 1138 462 1164 arte
482 1140 741 1174 quamcumque
757 1130 1026 1177 Etymologiam
1044 1141 1099 1163 ve-

386 1178 454 1216 lis,
480 1177 518 1212 in
547 1176 707 1212 manibus
735 1178 860 1215 habes.
891 1179 967 1215 Nifi
996 1179 1036 1214 fit
1060 1173 1125 1214 ex¹

386 1229 523 1264 Latino
567 1231 637 1262 Re·
652 1227 781 1269 Obstare
797 1256 807 1273 ,
851 1229 1001 1265 sortaffis
1044 1239 1104 1266 aut

386 1279 572 1316 Gallicae,
593 1286 652 1308 aut
675 1280 851 1321 Anglicae
870 1279 1021 1323 originis
1041 1290 1103 1311 vo—

385 1328 552 1363 cabulum
589 1322 678 1358 erit.
715 1324 797 1358 Riot
831 1325 866 1360 &
894 1335 925 1358 to
952 1325 1033 1359 Riot
1058 1324 1104 1359 est

386 1375 544 1425 Anglica
583 1386 682 1415 νοκ,
719 1373 828 1409 etiam
866 1374 909 1410 ab
946 1375 1105 1422 antiquis

386 1428 463 1477 ejus
494 1424 609 1475 gentis
639 1423 879 1473 Scriptoribus
916 1425 1105 1474 usurpata,

385 1480 422 1514 δ(
461 1475 632 1525 fignificat
666 1474 852 1519 Exceffum‚
890 1476 1105 1512 Violentiam.

385 1528 505 1566 Gallis
542 1538 681 1575 quoque
719 1525 764 1561 est
800 1528 937 1567 Riotee,
973 1526 1101 1577 fignifi-

387 1593 470 1616 cans
497 1579 598 1613 levem
629 1578 772 1618 Risum,
795 1579 829 1614 &
859 1579 993 1624 Rima,
1020 1582 1104 1614 Con-

386 1634 536 1666 tendere.
568 1632 652 1667 Non
681 1628 803 1665 omnia
830 1642 849 1665 a
872 1630 1021 1668 Latinis
1049 1644 1106 1666 ac·
1128 1640 1131 1654 ¹

387 1681 571 1729 cepimus.
616 1681 799 1717 Nonnulla
838 1681 950 1718 adhuc
990 1681 1106 1725 super—

386 1732 467 1769 sunt
497 1733 668 1768 vocabula
706 1742 788 1768 ante
820 1732 973 1769 Latinos
1002 1732 1104 1769 usita—

386 1793 445 1823 ta,
474 1784 658 1832 complura
685 1783 793 1819 etiam
823 1796 841 1818 e
871 1783 1022 1833 Linguis
1048 1786 1103 1821 Se-

388 1836 689 1883 ptentrionalibus
717 1834 875 1870 desumta
892 1862 901 1871 .

336 1884 550 1932 Ripemaglio
577 1886 614 1922 ἃ
644 1887 877 1933 Repentaglio.
908 1885 1106 1925 Periculum.

389 1937 520 1972 Trahnt
562 1938 650 1973 hanc
694 1950 817 1973 vocem
861 1938 1049 1987 Menagius
1088 1951 1106 1974 a

387 1991 557 2033 Repente.
584 1990 669 2036 Ejus
699 1988 935 2032 sententiam,
964 1988 1018 2026 uti
1046 2002 1106 2025 ve-

388 2037 641 2076 risimillimam
671 2041 796 2077 laudo.
836 2042 966 2075 Verum
996 2053 1105 2087 quum

387 2093 532 2135 Repente
561 2090 789 2129 adverbium,
828 2091 890 2126 nifi
929 2091 1009 2126 aliis
1046 2090 1104 2126 ad·
1160 2110 1163 2112 ·

388 2139 502 2178 ditis,
541 2139 691 2175 minime
726 2141 902 2188 exprimat
934 2140 1106 2189 fignifica-

389 2190 527 2225 tionem
558 2190 704 2228 Italicae
732 2190 834 2238 hujus
863 2191 960 2226 vocis
981 2218 991 2234 ,
1029 2205 1105 2240 per—

390 2241 612 2289 pendendum
641 2241 754 2278 adhuc
781 2241 851 2280 est,
889 2255 931 2277 an
969 2242 1059 2278 forte
1088 2256 1107 2281 a

389 2293 554 2327 Poenime
590 2295 768 2329 manarit.
804 2297 1008 2339 Repoenitere
1043 2294 1104 2329 ali—

391 2343 480 2385 eujus
507 2345 574 2387 rei,
605 2344 672 2381 five
700 2343 900 2391 Ripentirfi‚
929 2345 1105 2393 originem

390 2393 520 2432 dedisse
558 2396 715 2443 potuerit
752 2394 831 2431 voci
868 2396 1106 2442 Repentaglm,

391 2442 463 2482 sive
490 2447 731 2493 Ripentaglio:
756 2458 864 2493 quum
893 2445 987 2481 enim
1018 2445 1105 2480 dici-

393 2510 470 2533 mus
499 2500 638 2532 Mettere
673 2500 707 2532 la
733 2499 830 2540 vita,
867 2497 902 2530 la
930 2497 1105 2542 rtputazio-

393 2560 430 2582 m
447 2571 458 2588 ‚
496 2550 529 2584 la
557 2551 630 2584 roba
657 2549 724 2585 &aa
753 2563 775 2587 a
801 2548 991 2598 ripemaglio
1007 2574 1018 2593 ,
1053 2556 1106 2584 ta-

1255 468 1387 517 poffum
1409 467 1563 503 trahenti
1585 466 1673 502 hanc
1695 480 1817 503 vocem
1841 482 1859 504 a
1878 472 1968 503 Scot-

1253 529 1306 563 to,
1331 519 1423 566 quod
1453 516 1624 566 fignificat
1647 519 1822 551 Prandium
1850 518 1887 553 in
1913 529 1967 555 ta—

1255 570 1359 606 berna
1386 569 1540 604 sumtum
1557 593 1568 608 ,
1599 566 1768 615 fimulque
1796 568 1937 602 Pretium
1955 596 1967 614 ,

1255 633 1273 656 a
1300 619 1444 669 singulis
1473 617 1637 654 convivis
1675 631 1738 664 pro
1769 631 1878 654 coena
1907 632 1969 654 ex-

1255 670 1461 706 solvendum
1478 696 1487 707 .
1523 669 1605 705 Inde
1632 669 1855 706 efformatum
1885 668 1969 705 fuis-

1254 720 1305 757 set
1340 724 1481 756 Scottare
1515 733 1586 756 non
1617 721 1825 764 Riscuotere:
1861 720 1967 768 idque

1254 771 1363 808 etiam
1402 775 1527 819 Pagare
1564 772 1679 819 potius
1716 770 1969 821 significasset,

1257 823 1363 871 quam
1401 822 1645 867 contrarium,
1683 824 1737 859 uti
1776 836 1895 859 revera
1933 822 1970 857 in

1256 872 1413 921 antiquis
1466 875 1667 917 Anqlorum
1728 873 1970 909 monumentis

1255 928 1395 960 semare
1429 924 1474 960 est
1511 925 1643 970 Consum
1680 925 1877 969 Persolvere.
1916 926 1971 959 En

1256 985 1387 1011 certam
1418 976 1583 1012 vocabuli
1620 976 1823 1025 origmem.
1865 978 1973 1010 Excu-

1257 1027 1302 1060 tio
1329 1026 1524 1071 Latinum,
1549 1028 1582 1062 8<
1607 1027 1729 1063 addito
1755 1031 1806 1061 Re
1830 1025 1898 1061 five
1925 1024 1973 1061 Rt'

1257 1077 1377 1124 (quod
1407 1077 1504 1126 saepe
1531 1077 1658 1114 Italica
1687 1077 1828 1126 Lingua
1856 1076 1973 1125 facit)

1258 1128 1450 1169 Reexcutio,
1487 1132 1698 1171 Reeaeeutere,
1736 1128 1833 1163 dedit
1872 1126 1975 1162 nobis

1258 1177 1462 1220 Riscuotere.
1498 1180 1621 1224 Atque
1658 1177 1710 1212 uti
1750 1179 1792 1211 ab
1821 1181 1975 1211 Excutere

1259 1227 1403 1272 Excuffio
1431 1227 1612 1265 manavit,
1651 1226 1701 1262 ita
1731 1226 1769 1263 ὃ(
1799 1227 1880 1262 ltali
1912 1239 1976 1262 no-

1258 1277 1361 1308 strum
1386 1278 1573 1315 Riscoffione
1592 1275 1839 1310 confecerunt.
1865 1280 1977 1312 Nem-

1261 1334 1302 1370 pe
1331 1320 1517 1356 secundum
1550 1331 1701 1358 veterem
1735 1323 1979 1372 Jurispruden-

1260 1371 1348 1408 tiam
1391 1373 1645 1407 Excutiebantur
1686 1375 1896 1420 Debitores,
1938 1384 1978 1412 ut

1260 1436 1303 1459 ex
1331 1435 1453 1461 eorum
1492 1425 1638 1471 pecunifi
1674 1423 1711 1461 &
1751 1425 1852 1461 bonis
1889 1428 1978 1463 Cre-

1261 1473 1371 1509 ditori
1393 1473 1609 1525 solveretur;
1639 1489 1677 1511 ac
1699 1487 1882 1526 propterea
1902 1477 1978 1514 sen-

1262 1524 1323 1561 sim
1365 1528 1548 1567 Excutere,
1591 1527 1684 1575 quod
1722 1541 1814 1564 nunc
1853 1529 1976 1565 Italice

1261 1576 1396 1613 dicitur
1435 1580 1576 1612 Scuotere
1606 1606 1616 1623 ‚
1659 1579 1780 1615 addito
1822 1584 1896 1621 Ru,
1939 1580 1978 1616 in

1262 1629 1443 1672 Riscuotere
1478 1628 1610 1665 evafit.
1655 1631 1764 1666 Pareo
1805 1631 1977 1666 Romanis

1262 1679 1447 1728 Legibus,
1475 1680 1539 1716 hac
1569 1693 1654 1717 voce
1683 1681 1771 1718 ufis.
1801 1683 1839 1717 In
1869 1681 1980 1730 Legi-

1263 1730 1325 1765 bus
1354 1730 1478 1767 Salicis
1507 1732 1584 1767 Tit.
1614 1734 1656 1768 X.
1686 1733 1710 1768 l.
1737 1744 1773 1781 7.
1800 1734 1840 1768 Si
1871 1745 1980 1781 pecora

1261 1782 1301 1816 de
1335 1782 1451 1816 damno
1487 1783 1733 1822 inclaudantur,
1769 1794 1827 1818 aut
1862 1785 1896 1817 in
1923 1785 1980 1818 do-

1263 1845 1348 1868 mum
1374 1832 1554 1877 minentur,
1592 1833 1639 1872 a&
1674 1847 1710 1869 ea
1737 1834 1847 1879 quivis
1874 1835 1980 1879 expel-

1263 1884 1347 1924 lere,
1382 1895 1439 1918 aut
1474 1887 1626 1919 Excutere
1659 1886 1878 1929 praesumlerit
1905 1885 1979 1923 &62

1265 1934 1358 1971 Heic
1396 1938 1548 1969 Excutere
1584 1934 1628 1969 est
1666 1939 1886 1981 Recupmre,
1924 1935 1981 1973 seu

1265 1986 1445 2027 Rilcuotere
1471 1997 1525 2033 per
1562 1986 1675 2031 sorza.
1715 1988 1802 2022 Sunt
1838 1987 1871 2021 8(
1910 1988 1980 2023 alia

1264 2035 1467 2085 hujusmodi
1498 2047 1652 2073 veterum
1676 2039 1857 2085 exempla.
1886 2037 1979 2074 Vide

1265 2096 1383 2123 tamen
1412 2087 1500 2135 apud
1539 2090 1734 2124 Germanos
1771 2088 1901 2133 Schts,
1938 2088 1980 2124 si-

1265 2138 1468 2187 gnificans,
1515 2139 1712 2184 Tributum,
1754 2138 1791 2177 &
1833 2137 1980 2185 scaffer,

1265 2190 1320 2236 qui
1347 2190 1517 2224 Tributum
1545 2190 1646 2238 exigit
1662 2217 1670 2226 .

1215 2242 1329 2284 Risma
1354 2267 1363 2276 .
1413 2241 1540 2288 Viginti
1584 2242 1800 2288 qzoaternr'ones
1841 2243 1978 2278 Charta-

1265 2305 1353 2326 rum.
1381 2291 1589 2340 Menagium
1620 2293 1726 2329 audi:
1758 2297 1812 2328 Da
1838 2296 1975 2339 scapus,

1264 2343 1441 2385 scapulas,
1478 2344 1714 2390 Scapulismus,
1751 2343 1973 2390 Scapultsma,

1265 2394 1400 2432 Lama,
1428 2394 1562 2437 Risma.
1601 2395 1695 2430 Tum
1734 2394 1764 2430 is
1799 2392 1975 2438 improbat

1265 2444 1416 2479 Ferrarii
1446 2447 1602 2491 Etymon
1632 2441 1830 2480 deducentis
1859 2441 1973 2485 Risma

1265 2517 1282 2539 e
1310 2505 1445 2540 Graeco
1472 2497 1665 2552 P‘oexa‘vn.
1697 2504 1730 2536 A
1756 2505 1886 2535 Raeana
1907 2500 1974 2547 (u-

1264 2553 1296 2591 ti
1336 2554 1460 2592 scribit
1493 2549 1686 2588 Anastasius
1731 2551 1769 2588 in
1807 2551 1970 2638 sgvestm

1855 2615 1917 2653 apa
