2169 3047
437 230 518 281 563
784 222 1156 280 ANTJQUJT.
1195 222 1413 267 ΜΕΝ]
1446 225 1611 268 AEVJ
1872 231 1955 283 564

375 295 482 320 1021.
513 283 665 321 floruisse
691 283 851 327 dicatur,
880 284 952 332 ejus
983 296 1064 319 vero
1093 281 1130 317 fi·
1167 283 1202 318 A
1248 283 1528 330 conscribendis,
1555 296 1614 321 aut
1640 283 1759 320 saltem
1784 284 1918 321 Latino
1945 284 2012 320 ser-

371 336 441 371 lius
473 338 578 371 Anno
609 338 716 372 1260.
744 336 925 384 Imperitis
945 347 1133 370 amanuen—

372 385 460 422 fibus
487 388 715 423 tribuendum
743 387 813 431 est,
855 386 947 435 quod
977 385 1013 421 in
1043 384 1136 420 hisce

372 438 516 474 Chartis
545 439 630 486 (eas
659 447 775 473 autem
806 438 848 473 ab
887 436 1135 485 impostoribus

373 488 545 537 profeehs
574 489 672 524 fuiffe
703 488 902 536 persuadere
931 487 1021 522 mihi
1052 499 1133 522 neu-

374 541 512 587 tiquam
551 540 710 587 poffum)
753 551 814 586 pro
856 550 1019 586 germana
1061 536 1136 572 veri

374 589 463 626 facie
490 591 681 638 multiplex
703 587 857 624 confufio
877 596 1061 637 appareat.
1090 589 1134 622 E-

375 651 457 677 runt
499 641 582 676 haec
625 638 773 675 fortaffis
814 638 891 675 usui
935 637 1076 680 alicui,
1116 637 1138 672 fi

376 691 515 737 quando
553 690 731 726 Sardiniae
760 692 793 725 ὃ(
821 688 982 725 Corsicae
1019 688 1139 724 Histo—

375 742 465 778 riam
502 741 633 790 aliquis
670 740 912 777 illustrandam
947 738 1011 775 fibi
1049 738 1140 776 sum-

376 792 483 828 serit.

426 845 619 887 Ceterum,
649 851 689 879 ut
715 856 758 879 eo
785 842 936 891 denique
962 840 1137 890 regredia-

377 907 487 934 mur,
524 897 615 931 unde
651 893 888 933 disceffimus,
924 893 1141 941 qualescum-

378 959 446 994 que
474 945 540 981 s1nt
567 945 768 994 hujusmodi
795 943 973 988 Chartae,
1001 945 1035 979 δε
1065 944 1142 980 Νο-

379 997 481 1033 tariis
498 996 782 1044 subsequentibus
794 994 905 1031 tribui
921 993 1025 1043 poffit
1038 994 1144 1043 quid-

380 1047 465 1096 quid
494 1047 545 1083 ibi
574 1048 618 1082 est
648 1048 792 1083 Italicae
830 1045 1014 1095 Linguae,
1054 1053 1144 1080 atta-

380 1111 461 1134 men
501 1099 637 1144 possunt
674 1099 708 1132 8<
745 1097 838 1145 ipsae
879 1096 1016 1132 indicio
1052 1095 1143 1138 effe,

380 1148 557 1185 Corficam
595 1148 633 1184 &
671 1148 868 1183 Sardiniam
891 1174 903 1191 ‚
945 1155 1026 1181 ante
1063 1144 1145 1180 reli-

380 1212 465 1247 quas
494 1200 618 1234 Italiae
647 1197 852 1234 Provincias
869 1224 880 1242 ,
907 1196 982 1232 usas
1011 1197 1144 1242 Vulga-

380 1251 412 1286 ri
453 1249 595 1299 Lingua
635 1249 733 1307 fuifl‘e
770 1248 809 1287 in
850 1247 1003 1298 publicis
1040 1246 1146 1284 Aciis

1251 336 1346 371 moni
1365 337 1494 372 multas
1510 335 1742 372 interseruisse
1759 336 1905 371 Italicae
1921 337 2011 371 Lin-

1250 399 1335 434 guae
1364 400 1465 422 voces
1487 386 1524 423 &
1548 387 1675 423 formas
1696 387 1858 423 dicendi.
1888 386 2014 422 Proin-

1250 437 1290 471 de
1342 436 1580 473 finitimorum
1636 439 1800 486 exemplo
1848 436 2014 485 Vulgaris

1250 487 1390 536 Lingua
1419 488 1552 532 nostra,
1591 502 1679 535 quae
1707 490 1812 536 usque
1841 489 1881 524 ad
1911 491 2017 522 Secu-

1249 539 1323 573 lum
1365 539 1460 573 XIII.
1498 538 1536 574 in
1562 552 1623 573 ore
1650 548 1789 574 tantum
1826 538 2013 574 hominum

1252 588 1477 631 versabatur,
1516 588 1638 623 vivere
1666 588 1775 623 etiam
1804 588 1922 636 coepit
1949 589 2016 624 illo

1252 638 1326 684 ipso
1369 639 1492 674 Seculo
1533 638 1571 674 in
1618 638 1739 674 Libris
1778 637 1817 673 ἃ
1860 638 2017 685 scriptis.

1253 691 1303 724 Ea
1347 691 1431 724 verb
1473 689 1761 724 florentinorum
1801 687 2019 737 potiffimum

1252 738 1363 775 studio
1387 739 1512 775 deinde
1540 739 1719 788 expolita,
1749 739 1921 775 summum
1951 738 2014 773 ho-

1254 791 1350 826 noris
1393 791 1511 826 locum
1550 791 1587 826 in
1624 792 1763 839 Europa
1805 789 2020 837 consequuta

1254 841 1299 876 est
1325 850 1430 889 atque
1457 840 1612 877 retinet.
1649 843 1799 877 Manent
1836 849 1953 876 tamen
1982 840 2017 874 δί

1255 892 1344 927 hanc
1387 891 1442 927 sua
1484 891 1584 940 fata3
1627 892 1749 926 Secula
1785 891 1914 939 quippe
1958 903 2020 925 ve-

1256 942 1376 982 nient,
1404 942 1532 990 quibus
1560 941 1633 989 ipsa
1660 955 1799 990 quoque
1827 941 1863 976 in
1885 941 2019 977 senium

1257 1002 1399 1043 verget,
1427 991 1464 1029 ὅ(
1494 993 1652 1029 excidet.
1690 992 1788 1038 Quid
1824 991 1918 1027 enim
1958 991 2022 1026 sta-

1258 1044 1353 1087 bile,
1389 1044 1474 1091 quid
1503 1044 1709 1080 diuturnum
1747 1045 1784 1079 in
1823 1042 1929 1078 fluxis
1956 1041 2021 1077 ho-

1259 1095 1395 1129 minurn
1425 1095 1549 1139 rebus,
1581 1096 1614 1129 8<
1645 1094 1829 1142 praecipue
1856 1093 1894 1129 in
1922 1093 2024 1128 voci-

1260 1142 1344 1180 bus?
1373 1144 1524 1180 Latinae
1550 1146 1584 1180 &
1612 1147 1764 1180 Graecae
1785 1144 1946 1193 Linguae
1968 1143 2023 1179 fu-

1258 1209 1340 1232 nera
1369 1195 1573 1231 intuemur:
1613 1205 1743 1233 temere
1772 1195 1920 1231 meliora
1949 1193 2025 1243 spe-

1258 1259 1374 1283 remus
1400 1246 1442 1283 de
1470 1246 1591 1284 nobis.

1893 2594 1970 2630 DE
