2169 3047
300 213 321 250 s
332 226 382 265 37
415 266 422 272 ι
582 203 946 249 DISSERTATJO
979 203 1517 252 TRJGESJMA'rfflJJA.
1722 217 1744 255 a
1756 217 1804 268 ,a

289 281 377 313 quae
414 266 504 302 idem
542 263 736 312 fignificat3
775 273 879 311 atque
907 265 995 312 apud
1033 265 1068 299 A
1108 277 1110 280 ’

290 319 440 367 Belgas,
477 313 676 361 ceterosque
712 315 893 350 Teutones
930 315 994 350 ufi-

290 378 363 404 tata
390 367 453 402 est.
480 368 560 400 Vox
581 365 643 399 illa
664 363 700 399 in
721 365 881 400 Italicam
905 366 994 402 Lin-

286 430 388 466 guam
417 430 459 451 ex
487 415 678 451 Germania
705 413 875 450 effluxisse
903 416 994 451 refici

285 467 446 502 videtur.
475 469 562 502 Sunt
589 467 622 501 δ(
652 466 713 514 qui
741 468 769 499 le
796 467 919 500 Cruccie
939 467 992 502 di-

284 526 390 553 cunt.
429 519 550 565 Atque
577 516 658 552 inde
686 518 718 552 8<
750 517 910 552 Britanni
939 517 993 553 di-

284 568 400 604 dicere
440 568 556 602 Crutcb
596 566 634 603 ἃ
676 568 852 603 Crutcbes.
895 568 991 603 Galli

283 631 376 654 nunc
413 619 590 666 appellant
626 621 780 658 Pounce,
817 619 992 665 Bequr'lle:

283 678 320 704 at
346 670 434 704 olim
464 670 496 703 ἃ
527 668 586 716 ipfi
608 667 723 713 Croffes
746 670 991 716 appellabant,

282 720 317 755 S<
354 720 523 754 Cruchias.
564 721 601 754 In
631 720 717 754 Vita
754 719 871 754 Sanffii
909 721 989 755 Ber-

281 770 381 806 nardi
407 770 624 805 Poenitentis
640 798 648 812 ‚
678 769 803 818 scripta
824 783 841 805 a
862 770 988 813 Johan-

282 833 326 856 ne
353 820 531 856 Monacho
553 820 781 860 Bertiniano‚
811 821 843 856 &
866 820 902 856 in
925 820 990 855 Vi-

281 883 318 907 ta
346 873 472 907 Beatae
500 873 599 907 Zitae
622 871 807 915 Lucenfis,
835 871 989 907 occurrit

281 935 353 958 vox
380 925 516 962 Crura,
554 922 607 958 uti
646 922 877 970 Du·Cangius
914 923 986 957 ani-

280 973 492 1008 madvertit.
523 975 574 1008 Ita
602 973 638 1008 in
663 974 749 1008 Vita
778 972 893 1008 San‘ffl
928 974 980 1007 Pe.

280 1024 328 1059 tri
359 1023 537 1062 parentii,
567 1023 693 1064 scripta
721 1026 828 1058 Anno
857 1022 987 1058 Christi

279 1075 490 1111 MCXClX.
519 1075 552 1109 δε
581 1087 599 1109 a
630 1073 869 1121 papebrochio
895 1073 988 1107 edita

278 1125 319 1159 ad
349 1126 441 1159 diem
481 1136 538 1158 21.
577 1123 694 1170 Maji,
731 1124 874 1157 claudus
909 1125 987 1156 duas

276 1176 431 1213 crucias,
467 1173 587 1218 ascellis
622 1172 792 1219 suppositas
829 1173 962 1207 habebat
978 1199 986 1207 .
1054 1195 1060 1202 -

275 1225 418 1259 Croccr'ae
445 1233 690 1272 nuncupantur
720 1223 757 1259 in
787 1224 873 1258 Vita
904 1225 983 1258 San-

276 1274 326 1309 &i
358 1275 524 1320 Raynerii
556 1273 693 1317 Pisani,
728 1273 856 1321 scripta
884 1273 969 1309 circi

274 1332 328 1358 ter
359 1326 501 1359 Annum
532 1326 688 1359 MCLX.
707 1351 717 1364 ,
758 1322 796 1358 &
825 1325 986 1371 evulgata

276 1372 316 1409 in
349 1373 449 1409 Astis
482 1373 687 1409 Sanaorum
725 1373 766 1407 ad
804 1372 896 1407 diem
931 1385 974 1419 17

274 1424 372 1467 Junii
398 1430 413 1460 .”
445 1424 545 1459 Adde
581 1422 619 1458 &
657 1424 694 1458 in
733 1423 818 1458 Vita
862 1424 986 1458 Beatae

277 1475 385 1510 Finae
414 1475 453 1509 ad
483 1475 574 1509 diem
608 1485 664 1509 12.
692 1473 846 1512 Martii,
882 1487 921 1508 ac
949 1474 984 1508 in

277 1526 363 1560 Vita
393 1525 510 1561 sanai
541 1524 682 1559 Arnulfi
713 1523 876 1571 Episcopi
906 1526 979 1559 Me—

275 1576 399 1620 tenfis,
418 1577 459 1611 ab
480 1579 673 1621 Anonymo
695 1574 875 1610 Monacho
897 1575 982 1621 apud

275 1627 533 1662 Mabillonium
553 1625 714 1669 exarata,
736 1626 896 1660 claudum
919 1638 984 1658 cum

274 1678 380 1712 Crocis
418 1678 484 1721 [uis
525 1678 569 1711 ad
608 1690 717 1710 urnam
754 1674 868 1711 sanfli
915 1676 986 1709 Viri

268 1728 304 1773 se
329 1727 550 1774 prostraviffe.
581 1729 655 1762 Nos
685 1725 878 1762 Lombardi
917 1725 981 1760 ful-

274 1791 331 1813 cra
359 1778 550 1813 istiusmodi
577 1778 790 1824 appellamus
816 1777 844 1810 le
865 1777 985 1819 forle,-

273 1841 344 1876 quo
372 1828 479 1864 etiam
510 1829 653 1863 nomine
681 1828 857 1862 donantur
884 1827 985 1861 Clavi

267 1879 364 1924 ferrei
391 1878 541 1926 ejusdem
572 1877 721 1927 figurae.
753 1880 849 1913 Inter
877 1877 980 1912 mira·

273 1931 352 1965 cula
381 1930 479 1964 Beati
505 1929 658 1965 Simonis
681 1928 894 1972 Tudertini‚
914 1930 981 1963 Or-

274 1979 367 2015 dinis
405 1979 521 2015 Sanffl
552 1979 765 2030 Augustini,
802 1980 983 2014 Bononiae

275 2030 443 2065 tumulati
495 2032 603 2066 Anno
644 2029 778 2066 Christi
821 2031 982 2065 MCCC·
1040 2073 1052 2081 ‚-

273 2082 390 2115 XXII.
417 2081 559 2116 claudus
586 2081 729 2129 quidam
767 2080 812 2114 ire
842 2094 902 2114 non
927 2093 980 2126 po-

273 2141 356 2166 terat
375 2130 444 2172 fine
472 2132 587 2167 Ferla.
617 2134 669 2167 Ita
698 2131 734 2166 in
764 2131 848 2166 Vita
880 2131 981 2166 Beati

273 2182 394 2226 Jacobi
418 2182 545 2217 Veneri
560 2209 569 2223 ,
590 2181 625 2217 in
652 2181 754 2217 Affis
775 2181 981 2216 San&orum

250 2233 315 2267 „ad
357 2231 448 2267 diem
493 2244 551 2279 31.
588 2232 707 2280 Maji,
743 2241 983 2267 memorantur

270 2283 377 2329 lignea
412 2283 625 2328 fulcimenta,
661 2297 738 2330 quae
775 2284 887 2317 ferias
923 2295 980 2317 vo-

270 2344 367 2368 cant.

220 2385 376 2430 Gruppo,
415 2387 568 2430 Groppo.
603 2386 734 2421 Nodus.
775 2384 810 2420 Si
854 2386 979 2419 Mena-

271 2433 368 2481 gium
392 2435 511 2474 audis,
533 2435 741 2471 vocabulum
765 2434 849 2470 istud
870 2447 978 2482 quum

271 2483 416 2520 Dubium
454 2485 566 2532 quid,
602 2499 641 2520 ac
680 2485 911 2529 D?fficultatem
938 2484 977 2520 sl·

272 2543 444 2593 gnificat,
470 2558 490 2582 e
517 2546 651 2582 Graeco
676 2535 819 2594 Γρῖᾳος
838 2544 977 2582 descen-

1154 264 1227 300 dit.
1256 266 1375 310 Quum
1406 269 1488 301 veri>
1509 270 1705 313 Complexum
1727 284 1866 318 rerum,

1155 329 1198 352 ex
1235 318 1355 350 Globus
1397 315 1551 352 haustum
1592 319 1754 358 videtur.
1791 325 1867 358 Sal-

1155 365 1296 402 mafium
1340 366 1369 401 is
1412 366 1514 402 unice
1555 369 1700 410 laudat,
1740 374 1864 419 Etymi

1155 417 1262 465 primi
1290 417 1434 453 testem.
1471 420 1556 454 Rem
1590 420 1712 468 tetigit
1741 424 1866 459 Mena-

1154 468 1252 516 gius.
1293 470 1385 504 Nam
1415 482 1533 505 revera
1570 483 1612 506 ex
1650 472 1862 510 Latinorum

1154 521 1301 565 Grypbus
1341 519 1422 555 Itali
1460 520 1688 557 efformarunt
1716 526 1865 571 Gruppo‚

1153 573 1300 616 Groppo.
1342 570 1404 605 Sed
1441 572 1612 620 Menagio
1648 586 1867 611 commemo-

1155 621 1280 656 randus
1309 630 1382 656 erat
1412 622 1455 655 A.
1486 623 1625 658 Gellius
1644 651 1653 667 ,
1692 624 1753 672 qui
1783 626 1865 662 Lib.

1158 670 1185 705 Ι.
1212 673 1300 714 Cap.
1332 684 1362 706 ε..
1392 673 1534 718 Giyphos
1563 672 1727 719 diffilvere
1758 675 1866 725 scrip-

1157 720 1219 764 fit,
1248 720 1314 756 hoc
1341 722 1386 757 est
1413 724 1588 766 captionum
1615 725 1865 762 Dialec'licarum

1153 772 1296 818 laqueos.
1325 772 1538 821 Aenigmata
1576 788 1715 823 quoque
1744 779 1865 825 appel-

1153 822 1223 857 lata
1253 821 1345 858 fuere
1371 825 1507 869 Griphi,
1537 835 1640 873 atque
1669 827 1717 861 ita
1746 829 1866 875 legen·

1153 873 1234 907 dum
1279 874 1367 921 apud
1410 876 1569 910 eumdem
1613 879 1659 911 A.
1702 879 1863 914 Gellium

1151 923 1234 958 Lib.
1266 935 1321 959 12.
1351 925 1437 972 Cap.
1466 926 1499 961 6.
1528 927 1590 962 Sed
1615 928 1647 962 ἃ
1671 931 1758 975 apud
1785 931 1863 964 Sui-

1152 974 1229 1008 dam
1259 974 1477 1023 Aenigmata
1515 987 1686 1013 vocantur
1722 980 1863 1025 Griphi.

1151 1024 1396 1073 Metaphorice
1454 1026 1624 1064 videlicet
1653 1056 1661 1071 ,
1715 1030 1862 1065 nomine

1150 1076 1321 1109 translato
1358 1089 1399 1111 ex
1437 1087 1510 1112 rete
1549 1078 1760 1125 piscatorio,
1803 1080 1862 1116 cui

1149 1135 1279 1157 nomen
1322 1126 1484 1168 Griphus.
1521 1129 1624 1163 Hanc
1663 1142 1784 1165 vocem
1824 1131 1862 1166 in

1148 1175 1278 1219 Gruppo
1304 1174 1336 1208 &
1367 1178 1490 1221 Groppo
1518 1179 1697 1213 convertit
1737 1180 1862 1216 Italica

1148 1223 1313 1272 Lingua,
1343 1227 1384 1259 ad
1412 1224 1675 1273 fignificandum
1707 1232 1861 1270 Nudum,

1148 1284 1209 1311 aut
1236 1274 1372 1321 aliquid
1402 1276 1596 1324 implexum
1627 1280 1659 1314 &
1689 1280 1860 1325 difficile,

1147 1325 1444 1370 quemadmodum
1484 1341 1526 1362 ex
1565 1330 1688 1364 Gibbus
1724 1331 1862 1367 emersit

1147 1374 1314 1409 Italicum
1356 1375 1482 1411 Gobbo.
1527 1379 1602 1413 ΡΗ.
1645 1382 1859 1417 Graecorum

1145 1423 1321 1459 redditum
1352 1425 1483 1461 Latine
1522 1441 1772 1478 nonnunquam
1803 1432 1860 1467 in-

1147 1475 1266 1510 venias
1306 1488 1365 1522 per
1409 1477 1445 1511 P.
1486 1479 1610 1527 Neque
1647 1481 1688 1516 ad
1725 1483 1859 1517 Globum

1146 1524 1419 1572 confugiendum
1450 1526 1516 1571 est,
1555 1543 1662 1577 quum
1705 1532 1858 1570 dicimus

1143 1588 1186 1609 un
1213 1578 1341 1620 Gruppo
1375 1577 1412 1610 di
1446 1580 1586 1624 Figure.
1623 1582 1753 1616 Eadem
1784 1597 1855 1620 vox

1143 1625 1194 1660 ibi
1233 1625 1472 1671 metaphorice
1511 1629 1698 1667 adhibetur
1733 1632 1774 1667 ad
1812 1634 1856 1668 fi-

1144 1674 1382 1724 gnificandum
1412 1680 1635 1727 complexum
1669 1695 1780 1718 rerum
1813 1684 1855 1719 fi-

1145 1727 1220 1761 mul
1248 1727 1447 1763 unitarum.
1488 1730 1607 1767 Simili
1635 1733 1773 1769 ratione
1798 1734 1855 1769 in—

1143 1777 1280 1812 terdum
1310 1778 1424 1813 utitur
1451 1792 1538 1816 voce
1565 1784 1707 1820 Lacci0.—
1728 1785 1854 1829 Grisum

1143 1826 1182 1863 &
1210 1828 1344 1874 Gripum
1370 1837 1503 1866 veteres
1532 1831 1724 1870 dixerunt.

1091 1879 1287 1925 Guadagno.
1316 1883 1470 1917 Lucrum.
1507 1885 1747 1931 Guadagnare.
1785 1889 1854 1921 Lu-

1144 1938 1242 1973 crari.
1271 1940 1304 1973 A
1334 1942 1470 1976 Graeco
1498 1937 1715 1989 Kspzat’mv
1740 1946 1853 1983 traxit

1142 1989 1383 2026 Nlonofinius.
1410 1993 1580 2033 Guietus‚
1612 1994 1646 2029 ὃ(
1676 1997 1852 2032 Ferrarius

1143 2053 1161 2075 a
1191 2042 1253 2074 Vas
1281 2042 1380 2075 Vadis
1408 2042 1651 2088 deduxerunt,
1681 2046 1771 2093 quasi
1801 2048 1852 2083 ef-

1142 2089 1333 2126 formatum
1375 2091 1482 2127 fuerit
1524 2095 1690 2129 Vadanum
1714 2121 1725 2135 ,
1768 2097 1851 2133 idest

1138 2142 1275 2187 pretium
1296 2142 1507 2176 Vadationis:
1531 2144 1623 2191 quod
1645 2145 1738 2182 inter
1758 2147 1851 2183 som-

1139 2191 1198 2226 nia
1234 2191 1404 2239 conjicias
1442 2193 1578 2230 velim.
1615 2196 1675 2231 Ab
1703 2198 1849 2246 antiqua

1138 2242 1349 2278 Germanica
1390 2256 1477 2278 voce
1519 2245 1657 2280 Winnen
1699 2249 1848 2285 Carolus

1136 2291 1233 2328 Cato
1269 2291 1419 2329 Curtius
1455 2294 1683 2332 derivandum
1713 2301 1846 2334 Guada-

1130 2357 1197 2391 gno
1223 2343 1378 2380 censuit.
1406 2346 1576 2381 Arbitror
1612 2348 1644 2381 8(
1682 2361 1772 2396 eg0,
1802 2363 1845 2386 ex

1135 2395 1476 2443 Septentrionalibus
1516 2398 1659 2444 Populis
1696 2398 1733 2434 in
1772 2399 1844 2435 Ita-

1133 2445 1252 2486 liam,
1295 2446 1474 2486 Galliam,
1515 2447 1723 2496 Hispaniam
1752 2477 1762 2493 ,
1803 2449 1841 2486 ἅ

1135 2496 1356 2533 Britanniam
1399 2496 1606 2535 descendisse
1633 2501 1842 2536 vocabulum

1134 2547 1240 2586 istud.
1271 2549 1363 2582 Nam
1391 2546 1564 2585 Hickefio
1592 2549 1672 2587 teste
1709 2550 1746 2585 in
1775 2551 1843 2587 Di-

1235 2599 1267 2632 G
1296 2609 1317 2644 g
1344 2609 1365 2645 g
1421 2609 1441 2632 a
1698 2599 1791 2637 &io-
