2169 3047
210 209 290 249 245

511 192 968 236 DISSERTATIO
1009 190 1408 235 TRJGESJMA.·

1627 204 1711 249 246

149 253 277 289 blicam
314 264 356 286 ex
394 250 468 300 ipso
496 251 762 287 Follicellorum
805 265 902 287 com·
926 254 973 288 *A
1005 250 1086 299 sque
1114 251 1229 299 legat:
1259 250 1450 285 Ordinatum
1477 251 1518 293 est
1550 263 1606 296 pro
1640 254 1768 298 publica

145 303 278 338 mercio
314 302 465 337 reditum
507 315 577 336 non
606 304 900 339 contemnendum

145 352 349 403 percepisse.
386 352 427 388 ln
458 352 599 401 Regesto
626 355 703 389 MS.
723 381 731 393 ,
761 354 821 390 ubi
849 367 899 389 re-

145 402 326 439 censentur
374 403 644 439 deliberationes
683 403 822 439 habitae
860 405 901 439 ab

145 453 266 489 eodem
296 455 431 501 Populo
459 457 568 490 Anno
595 457 806 491 MCCCVI.
835 468 901 490 una

144 503 190 539 est
216 505 255 538 de
281 507 418 544 Boacia,
446 506 488 540 (9⁶
516 507 640 540 reddttu
669 506 902 550 Follisetlorum

144 554 291 590 locando.
335 557 374 590 In
404 557 514 591 altero
542 556 682 592 decreto
721 556 790 604 post
820 570 901 604 pau—

145 618 204 640 cos
246 605 319 641 dies
360 605 400 641 ad
442 606 626 643 subsidium
665 608 825 657 publicae
852 607 900 643 rei

145 654 331 699 statuitur,
372 661 454 703 quod
488 660 629 692 redditus
672 660 903 699 Follilellorum

142 707 253 740 debeat
277 707 436 750 duplicari
451 734 461 751 ‚
489 707 555 743 hoc
583 708 648 747 est,
677 718 714 744 ut
735 709 820 743 duos
842 711 902 743 So-

143 755 235 790 lidos
266 769 328 805 pro
369 756 509 806 singulis
528 757 639 793 ‘libris
676 758 790 793 solvat
819 772 901 793 ven—

142 805 259 852 ditor,
286 808 321 842 &
359 808 445 843 duos
485 818 625 845 emtor.
670 809 902 844 Follicellorum

141 857 314 901 nomine,
355 859 448 904 quod
490 859 600 894 adhuc
641 859 900 902 Bononienses‚

143 907 398 948 ferrarienses,
419 908 639 945 Mutinenses
654 938 661 949 ,
683 910 816 958 aliique
835 913 901 945 Po-

143 957 219 1005 puli
257 958 442 1006 usurpant‚
480 960 549 1008 jam
591 960 723 997 Leston·
759 962 901 996 intelle-

141 1008 236 1044 xerit
264 1009 340 1044 heic
368 1010 535 1058 designari
572 1011 690 1046 thecas
726 1011 783 1046 seu
824 1012 899 1059 glo-

136 1067 218 1094 mos
247 1059 348 1099 illos,
376 1061 414 1095 in
443 1061 568 1107 quibus
597 1061 628 1096 se
656 1061 812 1107 bombyx
841 1075 899 1096 ve—

140 1108 207 1143 luti
237 1110 274 1145 in
304 1112 442 1146 tumulo
469 1110 644 1154 includit,
671 1124 801 1147 novam
829 1111 896 1147 sur—

947 707 974 740 B

139 1159 295 1196 recturus
336 1161 373 1197 in
416 1161 553 1204 vitam,
595 1160 633 1198 &
670 1161 761 1198 unde
789 1161 901 1210 postea
937 1163 971 1201 C

140 1210 293 1246 Sericum
324 1211 512 1248 artificiose
533 1211 735 1249 deducitur.
764 1215 897 1248 Vocem

139 1261 227 1296 hanc
251 1262 485 1312 Du-Cangius
508 1264 542 1299 in
565 1263 778 1299 Glossarium
799 1263 898 1299 suum

138 1310 266 1348 intulit
283 1341 292 1357 ‚
336 1314 390 1349 sed
435 1314 687 1362 inexplicatam
730 1314 897 1361 reliquit.

130 1363 277 1397 ,Gallette
317 1377 336 1399 a
364 1365 716 1414 Mediolanenfibu33
759 1365 899 1411 Bozzoli

128 1425 159 1446 va
185 1415 401 1448 Florentinis
430 1417 680 1462 ‘appellantur-3
709 1415 772 1462 qui
799 1417 833 1451 δε
859 1415 896 1450 in
921 1417 925 1428 ¹

131 1463 376 1501 .v,0cabulario
426 1464 641 1508 Bombycem
694 1476 897 1511 nuncupant

135 1514 221 1547 Baco
254 1513 428 1558 filugello,
471 1515 590 1560 Quum
633 1515 770 1549 nullum
799 1514 897 1549 vocis

130 1561 241 1610 hujus
278 1564 394 1600 testem
435 1565 620 1612 antiquum
662 1564 691 1600 ii
729 1564 897 1604 laudent,

126 1626 244 1662 ”paene
274 1615 362 1651 mihi
394 1615 532 1652 suborta
561 1615 605 1651 est
625 1615 826 1657 dubitatio,
854 1629 896 1650 an

128 1664 228 1702 ,recqe
257 1667 481 1711 exposuerint
510 1666 583 1701 vim
615 1666 778 1701 vocabuli
801 1667 895 1699 Filu-

120 1716 236 1760 agello&
262 1717 355 1762 quod
377 1717 469 1750 idern
493 1718 559 1750 effe
580 1716 720 1750 videtur
738 1728 776 1749 ac
800 1717 896 1750 Lan-

122 1765 359 1810 ‘gobardicum
383 1767 586 1810 FolliJellus,
614 1765 814 1804 Folexdlus,
840 1764 895 1801 seu

123 1814 314 1853 :falti—ella<
330 1821 347 1857 ,ἶ
368 1817 490 1863 utique
519 1830 536 1852 a
565 1816 700 1853 Latino
721 1815 896 1850 folliculus

127 1863 368 1915 descendens3
411 1870 444 1905 &
486 1882 557 1904 non
603 1880 756 1903 vermem
786 1866 895 1903 Serici

135 1914 308 1951 artificem
327 1944 337 1960 ‚
375 1920 429 1953 sed
466 1919 596 1956 vermis
624 1917 807 1964 opificium
837 1918 894 1954 de-

128 1964 270 2013 ¹slgnarls
289 1995 298 2007 ,
325 1967 416 2014 quas]
447 1972 530 2004 Baco
556 1973 597 2005 da
619 1969 800 2014 Filugello‚
827 1968 897 2005 five

122 2018 256 2052 -Vermis
279 2018 397 2061 faciens
426 2020 620 2056 Folticvlos.
658 2021 720 2056 Sed
750 2021 895 2056 Floren-

127 2065 218 2103 tini.
234 2068 516 2106 consuetudinem
552 2071 705 2107 Dialeffi

135 2115 273 2154 haere
291 2119 436 2167 'sequuti
479 2121 633 2158 fuerint.
677 2121 734 2158 Ut
775 2131 890 2158 autem

133 2168 356 2206 Mutinenses
401 2172 506 2208 nostri
553 2174 831 2210 emolumentum
874 2187 892 2209 e

134 2219 254 2256 Serico
296 2234 458 2259 emanans
498 2223 560 2259 fibi
608 2224 890 2273 amplificarent,

133 2270 319 2308 Mororum
348 2273 456 2309 etiam
485 2275 645 2311 arborum
675 2275 890 2321 plantationi

135 2319 342 2369 diligentius
378 2324 417 2361 &
460 2325 629 2373 cop²u1ius
671 2325 889 2361 insistendum

134 2372 363 2411 decreverunt
384 2379 492 2411 Anno
513 2377 810 2413 Mcccxxvu.
831 2377 891 2413 de-

136 2434 233 2459 creto
259 2425 339 2460 [hoc
367 2426 403 2462 in
442 2428 581 2475 publica
624 2429 760 2462 Statura
787 2427 891 2462 illato

134 2474 218 2512 Lib.
245 2488 278 2524 3.
309 2478 448 2513 Rubric.
469 2491 529 2517 41.
558 2478 651 2526 quod
681 2477 816 2513 fortasse
844 2477 891 2513 ri-

135 2523 242 2572 dens,
282 2527 339 2565 sed
380 2537 498 2566 tamen
524 2530 668 2566 laudans
686 2556 696 2575 ‚
725 2528 892 2576 unusqui-
914 2553 918 2574 ,

750 2070 827 2107 suae
855 2071 893 2107 in
918 2085 920 2092 ’

1005 302 1166 340 utilitate,
1204 306 1284 348 quod
1310 301 1467 348 quaelibet
1492 304 1648 347 persona,
1689 318 1768 350 quae

1005 353 1095 387 habet
1130 352 1304 396 clausuram
1341 352 1427 387 intra
1463 352 1596 397 confines
1635 355 1768 390 Civita-

1005 403 1070 446 tis,
1107 403 1149 435 (θ’
1175 416 1195 437 a
1215 402 1304 447 serra
1329 404 1368 436 de
1394 403 1575 449 Ligorzano
1613 404 1765 448 inferius,

1006 462 1147 487 teneatur
1173 452 1218 490 ὅ)
1245 453 1356 488 debeat
1379 457 1553 497 plantare,
1589 455 1645 499 seu
1668 456 1769 502 plan-

1005 504 1070 538 tari
1091 503 1192 547 facere
1218 514 1279 538 tres
1303 503 1435 550 plantas
1460 505 1499 539 de
1526 504 1690 549 kabus,
1718 505 1766 544 όν

1006 554 1133 588 totidem
1159 557 1198 588 de
1225 554 1351 598 Moris,
1390 553 1436 593 ἔφ’
1476 555 1604 590 totidem
1640 557 1680 590 de
1706 559 1771 591 Po-

1006 605 1264 651 ›nis‘›granar1'is‚
1292 605 1335 643 ὅ)
1365 616 1427 640 tres
1452 607 1678 651 Amundohrs,
1721 606 1768 646 ὠ*

1005 669 1055 690 eas
1082 656 1228 697 custodire
1264 655 1311 694 (ῥ’
1347 657 1513 692 allevare.
1554 660 1602 692 Et
1637 660 1681 693 ad
1717 660 1770 693 hoc

1007 718 1170 740 teneantur
1209 706 1398 741 laboratores
1438 706 1484 745 a&
1524 708 1666 752 rezolam‘
1692 707 1765 746 (9⁴6.

1009 759 1104 792 Haec
1133 766 1212 793 ante
1240 767 1390 805 quatuor
1428 759 1548 793 Secula
1585 758 1768 807 excogita-

1009 807 1067 842 bat
1106 806 1254 843 studium
1299 807 1336 844 &
1384 810 1479 844 zelus
1508 809 1765 845 Mutincnfium

1008 857 1154 894 Civium
1185 858 1220 893 in
1251 858 1480 907 Reipublicae
1508 858 1585 895 suae
1608 872 1768 894 commo-

1008 908 1113 944 dum.
1152 910 1272 953 Quum
1311 911 1395 944 vcro
1424 910 1502 944 unis
1530 908 1668 944 fortaffe
1697 910 1768 944 Bo-

1008 958 1227 994 nonienfibus
1255 960 1343 994 olim
1375 958 1490 994 forent
1513 959 1687 994 mirabilis
1713 972 1768 994 ar-

1008 1009 1053 1044 tis
1081 1009 1262 1053 aedificia,
1302 1023 1388 1057 quae
1418 1010 1544 1044 Fdaeoi
1569 1009 1680 1045 adhuc
1708 1022 1769 1058 ap-

1009 1060 1207 1106 pellantur,
1244 1060 1304 1094 ubi
1347 1061 1501 1094 Sericum
1546 1068 1679 1094 tortum
1723 1059 1766 1095 ad

1007 1109 1113 1144 telam
1151 1107 1408 1144 conficiendam
1447 1108 1612 1144 idoneum
1656 1109 1770 1145 effici-

1007 1169 1087 1207 tur3
1117 1158 1336 1195 Mutinenses
1365 1168 1480 1195 autem
1510 1160 1680 1208 ejusmodi
1710 1161 1770 1195 be-

1005 1209 1134 1245 neficio
1163 1219 1341 1254 carentes,
1369 1210 1456 1246 illuc
1485 1211 1638 1246 Sericum
1669 1210 1768 1247 suum

1005 1261 1239 1308 torquendum
1262 1260 1405 1297 mittere
1427 1271 1655 1310 cogerentur,
1684 1275 1767 1298 cau-

1004 1321 1038 1346 te
1076 1311 1348 1348 custodientibus
1390 1311 1542 1349 Civibus
1585 1312 1767 1349 Bononiae

1004 1361 1092 1397 utile
1134 1362 1223 1397 illud
1264 1361 1490 1398 inventum:
1537 1365 1676 1400 tandem
1716 1362 1769 1399 fa·-

1003 1412 1099 1447 &um
1127 1412 1194 1453 est,
1233 1422 1271 1447 ut
1298 1412 1482 1449 Mutinam
1510 1415 1625 1450 delata
1654 1414 1767 1450 fuerit

1003 1462 1094 1498 ratio
1136 1462 1330 1499 exstruendi
1367 1464 1539 1510 ejusmodi
1577 1464 1765 1504 aedificia,

1002 1524 1107 1561 atque
1143 1513 1222 1549 heic
1269 1514 1434 1550 ambabus
1477 1515 1572 1552 ulnis
1619 1523 1766 1564 excepta

1003 1563 1146 1598 ineunte
1182 1566 1307 1598 Seculo
1343 1563 1477 1599 Christi
1519 1568 1616 1600 XVI.
1645 1568 1764 1611 Quare

1004 1613 1153 1647 Nobiles
1194 1613 1236 1647 de
1279 1614 1530 1660 Rangonibus,
1573 1615 1764 1650 contemtis

1005 1660 1274 1696 Bononienfium
1305 1663 1433 1703 minis,
1461 1664 1635 1700 continuo
1656 1679 1764 1701 unum

1001 1711 1200 1747 excitavere
1227 1711 1265 1747 in
1293 1713 1436 1760 Oppido
1464 1714 1764 1761 spinalamberti,

1001 1771 1105 1809 atque
1133 1763 1281 1797 alterurn
1310 1763 1348 1797 in
1376 1763 1449 1810 ipsa
1477 1765 1640 1801 Civitate
1677 1768 1765 1802 Mu-

1001 1814 1097 1847 tinae
1135 1826 1240 1860 prope
1282 1813 1411 1848 sacram
1453 1815 1571 1851 Sanfi’ti
1615 1816 1764 1865 Georgii

1000 1863 1160 1910 Aedem
1204 1863 1244 1898 ad
1290 1876 1439 1911 quorum
1492 1865 1763 1902 similitudinem

999 1913 1069 1949 alia
1114 1926 1185 1948 non
1229 1927 1337 1962 pauca
1377 1914 1520 1951 subinde
1569 1917 1763 1957 accessere.

999 1964 1089 2000 unde
1116 1978 1158 2000 ex
1190 1965 1294 2000 Plebe
1321 1965 1429 2001 multi
1467 1966 1578 2002 adhuc
1616 1967 1679 2003 fibi
1707 1968 1764 2004 vi-

998 2015 1095 2051 &um
1123 2024 1314 2063 quaerunt.
1351 2018 1406 2052 Ex
1434 2015 1494 2052 ista
1521 2017 1630 2053 Serici
1660 2017 1763 2066 copia

998 2079 1169 2114 quaenam
1206 2067 1298 2102 telae
1348 2067 1489 2103 vetustis
1541 2068 1760 2116 temporibus

999 2118 1252 2153 fabricarentur
1279 2117 1316 2152 in
1340 2118 1466 2158 Italia,
1495 2119 1593 2166 plura
1614 2120 1682 2168 jam
1706 2119 1762 2155 di-

998 2168 1036 2204 xi
1064 2169 1100 2204 in
1131 2182 1238 2214 nuper
1266 2179 1458 2205 memorata
1488 2170 1629 2206 Differt.
1648 2172 1762 2207 XXV.

1050 2219 1202 2267 Aliquid
1232 2233 1323 2255 nunc
1361 2229 1499 2256 tantum
1538 2220 1689 2256 adferam
1718 2221 1760 2257 de

998 2272 1087 2306 Arte
1116 2273 1255 2310 Lanae,
1293 2284 1380 2318 quae
1419 2271 1582 2307 Mutinae
1619 2285 1759 2319 quoque

998 2322 1121 2370 magna
1149 2321 1259 2357 animi
1288 2322 1516 2358 contentione
1543 2322 1631 2358 olim
1654 2336 1760 2358 exco-

997 2373 1159 2408 lebatur.
1211 2372 1282 2408 Uti
1338 2373 1469 2417 legitur
1519 2372 1556 2408 in
1613 2372 1757 2420 Regcsto

996 2425 1103 2459 Msto
1144 2422 1321 2460 Civitatis
1367 2423 1605 2463 Mutinensis,
1646 2425 1757 2459 Anno

995 2476 1205 2511 MCCCVI.
1228 2474 1358 2518 Cives,
1385 2475 1441 2521 qui
1461 2474 1586 2518 faciunt
1606 2473 1652 2511 &⁴
1671 2485 1756 2507 exer-

995 2536 1062 2560 cent
1101 2529 1218 2560 Artem
1253 2525 1514 2573 Pigrsolatorum‚
1549 2523 1754 2568 Toaliarum,

1058 2577 1101 2620 Q
1123 2587 1142 2610 2,
1550 2574 1597 2612 ἐν
1624 2575 1701 2607 sfa-
