2169 3047
374 191 466 251 95‘1'

727 182 1098 256 ANTJQUJT.
1137 191 1286 242 MED
1298 192 1353 241 11
1387 194 1550 242 AEVI

315 255 443 296 Rom,
481 251 749 302 pronuntiatum
774 260 800 291 ο
827 267 968 305 aperto.
1004 259 1080 292 Arx
1122 258 1155 294 A

366 302 526 341 Latine.
569 310 702 353 Rupes,
742 307 849 354 Rupis
869 335 879 351 ,
921 308 1049 354 Rupius
1068 332 1078 347 ,

366 355 484 404 Rupia
499 383 510 401 ‚
538 357 647 392 Ruchi
663 385 674 401 ‚
702 358 818 393 Roscia
833 385 844 401 ‚
873 361 1002 393 Rocca:
1039 357 1077 393 si-

367 418 414 443 ve
440 411 570 455 Rupes,
598 409 763 456 Κυρίαις,
791 409 936 456 Rupica.
964 414 1078 454 Ruca,

366 461 479 502 noca,
507 463 609 494 Rocca
627 484 635 494 .
673 461 725 495 En
753 470 926 510 quantum
955 473 1078 496 vocem

368 507 480 558 ipsam
521 509 727 556 detorqueat
750 534 762 550 ‚
799 511 900 559 seque
937 522 1077 547 contor-

368 568 475 608 queat
502 559 718 608 Menagius‚
761 561 801 597 ut
829 561 1078 609 phantasticam

368 611 442 658 ejus
469 610 645 658 originem
668 611 772 647 nobis
794 612 972 649 venditet.
993 615 1077 649 Mo-

368 669 526 709 nofinio,
555 670 589 704 &
618 670 698 705 aliis
724 663 815 719 PU}
849 673 943 707 Rhose
970 675 1077 709 Grae—

368 732 449 754 cum
499 719 748 768 scaturiginem
797 723 924 758 Italico
979 728 1079 759 Rom

367 768 496 805 dedisse
518 779 679 818 putatur.
701 774 753 807 At
773 785 952 821 nunquam
969 776 1075 810 Grae-

366 828 418 865 cis
449 821 539 878 PU}
582 831 675 866 Rhox
715 831 928 881 significavit
963 837 1080 881 Scopu-

368 880 457 924 lum,
494 884 641 926 Rupem,
677 886 796 918 Saxum
834 885 968 933 ingens.
1007 888 1076 921 Ne-

367 944 437 980 que
464 944 483 966 a
514 936 632 979 Rupe,
669 933 731 969 nifi
770 935 924 972 ridendis
954 939 1080 972 Mena-

369 981 485 1031 gianis
527 983 700 1020 machinis
737 985 906 1024 adhibitis
933 1016 943 1032 ,
983 992 1082 1023 Rosea

369 1031 495 1068 deduci
525 1034 657 1082 potest.
685 1038 852 1074 Ceterum
881 1039 949 1074 hoc
980 1051 1081 1073 voca-

370 1083 456 1118 bulo
484 1093 631 1122 utuntur
658 1097 793 1135 praeter
828 1091 957 1131 Italos,
995 1089 1081 1124 Gal-

370 1133 422 1172 li,
463 1134 640 1181 Hispani,
677 1138 811 1185 Angli.
849 1139 1000 1185 Opinari
1038 1138 1080 1173 li-

371 1192 450 1224 cet,
489 1185 578 1230 apud
617 1199 723 1221 unum
762 1201 804 1223 ex
848 1187 902 1223 his
942 1189 1084 1238 Populis
1117 1213 1119 1218 -

372 1233 654 1280 antiquiffimum
681 1237 770 1273 illud
793 1237 913 1279 fuiffe.
942 1252 981 1273 ac
1005 1253 1084 1286 pro-

320 1302 324 1305 -
369 1283 486 1330 prium
517 1284 616 1317 illius
644 1285 832 1330 Linguae,
869 1285 964 1331 quod
993 1294 1086 1320 cete-

334 2652 358 2674 S

370 1331 403 1367 ri
431 1330 580 1366 finitimi
611 1332 737 1380 Populi
776 1332 901 1367 deinde
939 1332 1085 1380 adopta-

370 1381 466 1422 rint‚
495 1395 603 1430 quum
633 1381 736 1417 facile
765 1382 936 1423 militaria
970 1384 1086 1420 nomi-

370 1446 417 1468 na
444 1432 486 1468 de
515 1446 582 1468 una
609 1432 646 1468 in
676 1434 821 1471 alteram
850 1444 991 1482 gentem
1019 1435 1087 1470 mi-

370 1492 493 1531 grent.
525 1485 601 1520 Aut
628 1483 755 1523 Italis,
790 1495 849 1522 aut
877 1486 993 1521 Gallis
1021 1485 1084 1522 tri-

372 1533 433 1569 bui
476 1534 568 1582 poffe
610 1534 752 1570 videtur
780 1563 790 1579 ‚
832 1549 941 1584 quum
985 1536 1087 1575 nobis

369 1584 489 1620 Roccia
518 1586 652 1633 Rupem
698 1584 870 1634 significet
899 1601 916 1623 a
947 1588 1087 1624 vetustis
1119 1604 1121 1610 ’

370 1634 614 1682 temporibus,
651 1635 688 1672 &
719 1637 800 1673 inde
829 1651 958 1674 nornen
988 1643 1089 1675 Roxa
1118 1651 1121 1661 ¹

369 1685 566 1734 prodierit,
603 1688 696 1735 quod
735 1687 772 1723 in
811 1690 960 1733 Rupibus
988 1694 1089 1726 Arses

370 1735 535 1772 fabricari
579 1751 654 1774 mos
705 1739 786 1774 effet
811 1767 820 1775 .
864 1742 1007 1777 Habent
1050 1740 1087 1778 &

370 1787 469 1822 Galli
502 1789 642 1830 Rocber,
681 1793 808 1834 Rupem
845 1790 882 1827 &
922 1793 1088 1838 Scopulum

371 1836 591 1885 significans.
622 1842 779 1876 Annales
810 1844 1021 1879 Francorum
1046 1843 1087 1879 ad

369 1889 516 1924 Annum
549 1889 685 1927 Christi
717 1893 974 1929 DCCLXVH.
1007 1899 1086 1929 Ros-

371 1948 423 1973 eus
450 1938 487 1974 &
523 1944 696 1987 Speluncas
734 1955 956 1980 memorant.
997 1945 1088 1981 Vide

371 1991 538 2025 vocabuli
569 1992 670 2039 ipsius
693 1994 983 2043 Antiquitatem.
1017 1996 1086 2031 Ad-

371 2038 451 2074 dere
492 2050 610 2076 tamen
647 2045 766 2087 lubet,
803 2048 958 2082 nondum
997 2046 1088 2082 mihi

372 2088 607 2136 suspicionem
637 2103 789 2141 ereptam
818 2097 905 2136 effe,
947 2098 988 2132 ab
1016 2097 1089 2145 ipsa

371 2140 589 2176 Latinorum
611 2143 752 2192 Lingua
779 2148 926 2192 potuisse
950 2147 1089 2182 descen—

373 2188 453 2224 dere
485 2192 648 2227 Italicum
678 2199 804 2231 Rocca.
835 2198 998 2231 Verrucam
1027 2211 1088 2245 pro

372 2239 436 2273 loco
463 2241 570 2285 edito,
609 2241 646 2276 in
683 2257 754 2291 quo
792 2245 960 2282 videlicet
988 2252 1089 2283 „Asrces

371 2288 476 2325 statui
505 2291 786 2339 consueverunt,
825 2295 948 2331 dixisse
986 2299 1087 2334 Lati-

372 2352 460 2383 nos,
489 2341 612 2377 auE'tor
640 2343 684 2379 est
711 2344 851 2381 Nonius
874 2349 1084 2384 Marcellus:

373 2404 478 2439 quam
510 2392 546 2427 in
577 2406 648 2429 rem
678 2397 782 2432 verba
819 2398 971 2433 Catonis
1014 2401 1087 2435 lau-

372 2442 466 2477 dat:
513 2444 774 2491 Quadringenta:
813 2449 937 2494 aliquos
974 2450 1089 2486 milites

372 2495 418 2528 ατί
445 2496 609 2530 Verrucam
637 2496 728 2530 illam
757 2497 800 2531 ire
833 2498 964 2541 jubeas,
1004 2515 1088 2535 eam-

375 2555 434 2592 que
459 2545 509 2580 uti
534 2551 676 2598 occupem
692 2574 702 2593 ‚
730 2549 880 2595 imperes.
916 2550 959 2586 ln
987 2563 1089 2590 mon-

1130 2067 1159 2100 E

1805 219 1832 257 9
1868 217 1892 246 2

1241 257 1336 294 tibus
1351 256 1481 295 ditioni
1498 256 1709 295 Sereniffimi
1730 216 1949 298 DucisSMu-

1242 309 1337 346 tinae
1379 308 1541 360 subjeRis
1577 310 1688 346 adhuc
1724 310 1802 347 sunt
1841 313 1950 348 Arces

1243 360 1355 406 duae,
1391 360 1428 397 in
1465 363 1546 398 loco
1572 362 1670 398 edito
1695 360 1734 397 ὅ(
1764 373 1949 412 praerupto

1243 411 1348 455 sitae,
1376 412 1503 460 quibus
1532 414 1699 448 Verrucula
1728 427 1855 450 nomen
1885 414 1954 459 est,

1242 463 1459 499 diminutiva
1501 461 1612 497 forma
1658 465 1952 510 pronuntiatum.

1242 517 1329 550 Sunt
1356 515 1389 548 &
1419 512 1456 547 in
1485 525 1568 560 agro
1595 513 1773 557 Lunensi,
1804 516 1951 556 Pisano,

1243 562 1455 602 Veronenfi,
1485 560 1678 607 Urbinate,
1715 564 1749 598 &
1778 563 1815 598 in
1844 566 1953 600 Mon-

1243 615 1408 650 teferrato
1428 637 1439 652 ‚
1483 622 1587 660 atque
1628 613 1666 648 in
1714 614 1794 649 aliis
1841 615 1952 651 locis.

1246 667 1341 701 Num
1370 677 1452 712 ergo
1487 677 1506 698 e
1544 665 1677 698 Verruci?
1714 664 1845 700 faenum
1884 665 1954 701 fuit

1245 719 1394 757 Verroca,
1422 727 1461 750 ac
1489 714 1626 750 tandem
1651 715 1836 751 brevitatis
1857 716 1955 752 caus-

1244 767 1282 802 sa
1309 764 1426 801 exciso
1466 769 1552 810 Ver,
1589 764 1722 802 di6'tum
1750 770 1860 812 Rota,
1888 772 1958 803 Ro-

1246 818 1322 861 cha,
1350 820 1484 851 Rosea?

1196 873 1324 904 Roma.
1362 871 1464 903 Arme
1500 868 1534 902 in
1569 869 1658 911 asta,
1694 874 1818 904 adunca
1852 884 1868 903 e
1904 880 1957 904 ta-

1243 919 1385 967 guma,
1401 918 1500 966 ajunt
1517 919 1743 955 Vocabularii
1757 919 1958 957 florentini

1247 969 1442 1006 Aufi'tores.
1479 972 1535 1004 Da
1563 973 1687 1013 Uncus,
1727 974 1832 1011 Unca,
1862 975 1958 1006 Run-

1247 1036 1308 1065 ca,
1345 1025 1475 1065 Roma,
1514 1020 1610 1056 addit
1647 1022 1854 1071 Menagius.
1893 1021 1958 1057 Sed

1247 1071 1351 1107 illum
1380 1071 1446 1106 hoc
1483 1071 1520 1107 in
1558 1073 1638 1108 loco
1676 1072 1731 1108 sua
1767 1071 1896 1108 defecit
1923 1085 1961 1107 e-

1247 1121 1402 1156 ruditio.
1431 1124 1485 1155 Ex
1515 1123 1662 1168 antiquo
1692 1123 1800 1158 Latio
1827 1123 1867 1158 ad
1897 1135 1960 1158 nos

1247 1169 1425 1205 descendit
1468 1183 1596 1204 nomen
1638 1173 1671 1204 8<
1715 1171 1792 1206 usus
1833 1173 1960 1207 instru-

1250 1223 1360 1256 menti
1390 1219 1513 1259 ferrei,
1544 1221 1635 1265 quod
1669 1224 1779 1255 Ronca
1806 1223 1964 1270 appella-

1249 1283 1347 1301 mus.
1378 1270 1522 1311 Proprie
1551 1270 1778 1306 rusticorum‚
1806 1272 1838 1303 δε
1868 1272 1964 1318 agri-

1251 1315 1405 1351 colarum
1446 1313 1513 1357 est,
1551 1324 1656 1363 atque
1694 1317 1890 1354 institutum
1922 1321 1965 1356 ad

1250 1367 1438 1401 caedendas
1467 1364 1610 1406 herbas,
1639 1366 1754 1415 sepes,
1783 1369 1962 1418 virgulta:

1250 1430 1308 1464 per
1337 1415 1496 1451 accidens
1527 1419 1607 1452 vero
1637 1418 1677 1452 ad
1711 1419 1932 1456 offenfionem
1951 1446 1963 1462 ‚

1249 1466 1545 1503 defenfionem-ve
1596 1467 1780 1505 hominurn
1825 1471 1965 1508 adhibi-

1250 1526 1345 1554 tum.
1384 1521 1545 1553 Eruncare
1581 1530 1702 1555 notum
1744 1523 1888 1559 verbum
1927 1537 1965 1559 a-

1250 1570 1317 1616 pud
1348 1572 1518 1609 Latinos,
1548 1572 1598 1605 uti
1629 1570 1665 1607 &
1690 1576 1854 1608 Runcare.
1878 1576 1966 1610 San-

1249 1620 1326 1656 &us
1364 1620 1577 1668 Augustinus
1616 1624 1697 1658 Lib.
1735 1637 1769 1670 4.
1810 1623 1900 1674 Cap.
1931 1627 1964 1661 8.

1248 1671 1290 1707 de
1327 1669 1492 1707 Ciuitate
1532 1674 1619 1708 Dei:
1660 1675 1880 1718 Praesecerunt
1915 1688 1966 1709 er-

1247 1736 1307 1769 go,
1346 1736 1438 1768 quum
1477 1727 1691 1766 Runcantur,
1732 1726 1809 1768 idest
1835 1741 1855 1761 a
1882 1737 1966 1761 terra

1249 1773 1460 1816 auferuntur,
1501 1777 1600 1808 Deam
1640 1776 1840 1810 Runcr‘nam.
1880 1777 1966 1812 Inde

1251 1824 1438 1861 Runcones,
1465 1825 1576 1870 quibus
1604 1837 1713 1870 vepres
1751 1826 1917 1870 secantur,
1945 1841 1967 1862 a

1250 1876 1406 1908 runcando
1434 1873 1538 1913 dis‘li,
1567 1874 1617 1909 ait
1648 1875 1791 1911 SanRus
1818 1876 1966 1913 Ifidorus

1250 1926 1333 1961 Lib.
1387 1936 1444 1960 20.
1486 1926 1572 1972 Cap.
1627 1938 1680 1972 14.
1732 1926 1815 1962 Inde
1856 1928 1966 1963 etiam

1250 1979 1361 2010 Roma
1398 1975 1579 2018 nostrum,
1617 1975 1653 2011 ἃ
1695 1978 1893 2021 Ronshma‚
1931 1980 1966 2014 δ(

1251 2031 1418 2070 Rom-one,
1447 2026 1484 2062 &
1514 2026 1688 2071 Rumina,
1726 2041 1813 2063 aevo
1841 2029 1966 2065 Caroli

1253 2076 1380 2126 Magni
1409 2077 1592 2122 usurpata.

1200 2130 1370 2173 Ronzino.
1414 2129 1616 2172 lida-anulus,
1655 2131 1774 2178 Equus
1817 2130 1965 2167 minoris

1253 2178 1399 2213 staturae
1418 2206 1426 2220 ,
1453 2180 1583 2226 quibus
1612 2182 1662 2215 uri
1694 2181 1902 2217 consuevere
1930 2195 1967 2217 a-

1253 2228 1395 2276 gasones
1424 2230 1463 2264 ad
1495 2229 1642 2265 sarcinas
1671 2231 1893 2277 deferendas,
1932 2234 1966 2267 δί

1252 2279 1433 2319 scutiferi,
1472 2279 1540 2316 slve
1568 2280 1690 2317 famuli
1731 2297 1808 2318 cum
1842 2281 1964 2318 Domi-

1252 2343 1299 2365 no
1338 2331 1558 2376 equitantes.
1590 2332 1710 2367 Voffio
1747 2334 1791 2369 est
1829 2331 1966 2367 Canthe-

1252 2381 1317 2414 rius
1332 2408 1341 2423 ‚
1370 2380 1435 2415 hoc
1458 2381 1524 2424 est,
1545 2385 1655 2429 Equus
1677 2384 1845 2425 castratus,
1875 2383 1962 2416 Ger-

1253 2431 1366 2466 manis
1403 2433 1436 2468 δ(
1482 2433 1600 2480 Belgis
1637 2439 1756 2478 Ruyn-
1792 2431 1964 2479 Mssnssgffo

1252 2483 1370 2517 eadem
1401 2482 1446 2517 est
1475 2483 1661 2518 sententia.
1705 2483 1784 2515 Non
1813 2481 1964 2528 adstipu-

1251 2534 1325 2570 lot.
1355 2534 1523 2569 Runcz'nus
1556 2529 1647 2578 apud
1684 2531 1962 2572 Barbam-Lat&

1847 2621 1910 2645 {tos
