2169 3047
393 238 445 266 10
484 236 499 263 Ι

383 235 551 316 Τεὶἔόίανε
578 279 634 315 seu
664 281 852 323 Trebbiare‚
881 263 1092 316 Mutinenfi-

383 331 448 367 bus
483 329 654 366 Tibbiare.
690 331 795 377 Quod
832 340 971 378 agentes
1010 330 1089 366 cho-

382 394 482 427 τεᾶς,
506 381 772 417 Triturantibus
797 380 924 417 fimiles
950 381 1092 417 videan-

383 442 464 473 tur,
491 431 624 468 idcirco
660 431 870 467 Germanica
898 445 984 468 voce
1015 436 1092 466 Tre-

377 484 465 529 Jcare
501 482 588 518 diffi
618 482 775 517 fuerunt.
815 482 948 530 Accipe
979 496 1091 526 nunc,

383 547 472 580 quae
497 533 641 568 Saeculo
661 532 791 567 Christi
815 533 1093 578 Quartodecimo

383 585 628 620 Benevenutus
648 582 824 617 Imolenfis
846 584 882 617 in
902 585 1090 618 Commen-

382 633 476 668 tario
504 632 611 668 Msto
639 633 678 668 ad
705 632 939 668 comoediam
966 634 1091 668 Dentis

383 683 518 730 scripsit
553 685 658 718 Cant.
690 686 786 718 XlV.
824 681 978 727 Inferni,
1006 683 1091 719 vers.

1115 543 1120 610 ἲ

1115 613 1119 641 ἰ

669 218 1097 279 ANTIOUlT.
1143 215 1390 264 MED11
1432 218 1624 264 AEVI

1128 282 1159 317 A

382 744 444 779 40.
472 733 603 778 Trescha
630 733 670 775 est
697 737 848 780 quaedam
882 737 1023 778 Danzu,
1044 734 1087 775 fi·
1134 733 1160 766 B

382 797 425 818 ve
456 797 556 830 genus
590 784 745 830 tripudii,
773 786 854 832 quod
874 784 922 829 fit
957 786 1093 833 Napoli

383 834 488 878 artific
491 835 597 869 ialiter
631 835 747 870 valde.
785 838 870 870 Nam
906 835 947 877 est
983 838 1092 871 Ludus

385 885 481 919 nir-nis
516 885 699 921 intricatus.
737 889 834 921 Stant
869 886 951 920 enim
987 887 1090 931 plures

379 935 444 979 fibi
471 935 605 970 invicem
632 936 781 983 oppositi.
808 939 856 971 Et
881 949 962 971 unus
984 938 1091 972 eleva-

382 985 433 1020 bit
459 999 586 1020 manum
612 988 655 1021 ad
680 1000 775 1022 unam
799 998 942 1034 partem,
966 987 1013 1026 &³
1035 988 1089 1032 Ju—

382 1035 450 1072 bito
475 1036 537 1071 alii
564 1037 680 1071 intenti
703 1036 821 1080 sacient
851 1038 951 1074 idem.
989 1038 1090 1073 Dein-

380 1087 422 1121 de
447 1086 585 1122 movebit
607 1101 733 1122 manum
757 1090 800 1122 ad
825 1089 924 1124 aliam
948 1099 1090 1132 partem,

380 1137 426 1170 (9⁶
455 1137 502 1172 ita
533 1138 651 1180 sacient
687 1132 800 1173 cereri.
838 1142 885 1173 Et
920 1139 1091 1184 aliquando

381 1186 492 1222 ambas
518 1200 628 1221 manus
657 1187 755 1227 simul
764 1200 784 1229 ‚¹
818 1188 991 1233 aliquando
1016 1201 1088 1222 ver-

379 1246 465 1272 tetur
489 1238 534 1271 ad
559 1250 654 1272 unam
678 1247 821 1280 partem,
849 1238 1021 1282 aliquando
1047 1240 1091 1272 ad

381 1286 482 1321 aliam
493 1298 515 1326 ,·
535 1284 581 1321 ἐφ’
604 1289 650 1317 ar!
672 1297 772 1316 omnes
796 1295 894 1316 motus
918 1285 1008 1316 ceteri
1032 1287 1089 1316 ha-

380 1336 455 1369 hent
478 1334 654 1380 respondere
673 1333 997 1380 proportionabiliter.
1023 1336 1088 1369 Un-

380 1388 420 1421 de
446 1383 488 1427 est
518 1383 664 1419 mirabile
698 1383 806 1418 videre
840 1393 964 1418 tantam
992 1383 1089 1417 dimi-

380 1435 531 1471 cationem
557 1447 704 1469 manuum
720 1461 730 1478 ‚
760 1432 806 1471 ἔφ’
833 1434 968 1468 omnium
996 1447 1088 1468 mem-

380 1488 523 1522 brorum.
560 1486 665 1530 Quod
697 1486 805 1526 verb,
843 1493 882 1519 ut
911 1483 1088 1532 suspicor,

378 1535 499 1572 minus
527 1534 658 1583 promti
686 1533 857 1577 masculi,
885 1544 945 1569 aur
973 1535 1088 1570 dedita

380 1599 484 1635 opera
511 1585 714 1621 fallerentur
741 1584 779 1620 in
817 1598 981 1621 manuum
1012 1598 1084 1622 mo-

378 1636 498 1676 tibus,
535 1646 575 1672 ut
610 1634 819 1672 feminarum
853 1637 990 1672 vultum
1029 1647 1089 1673 aut

381 1688 513 1723 collum
542 1697 746 1736 tangerent.
777 1686 859 1722 hinc
883 1689 1025 1731 Trescare
1052 1701 1083 1723 a

377 1738 450 1786 pud
472 1739 602 1782 Italos,
627 1736 665 1775 ἃ,
688 1737 869 1786 praecipue
890 1738 978 1786 apud
1003 1740 1082 1774 Mu-

377 1788 553 1833 tinenses,
590 1787 747 1825 adhiberi
777 1797 937 1837 coeptum
967 1788 1011 1824 est
1047 1788 1082 1823 Γι-

378 1839 610 1888 gnificatione
646 1838 774 1875 finistrfi
814 1839 855 1874 ad
896 1852 954 1874 eos
993 1838 1081 1874 indi-

379 1889 533 1931 candos,
570 1889 631 1938 qui
668 1903 747 1928 cum
786 1888 991 1925 mulieribus
1029 1903 1082 1937 pa-

377 1951 458 1974 rum
478 1940 602 1988 pudice
623 1941 783 1976 manibus
802 1949 968 1978 utuntur.
990 1941 1086 1976 Hinc

379 1988 490 2024 etiam
527 2005 584 2024 non
612 1991 755 2036 Trefitare
781 2004 837 2026 con
863 1990 990 2034 l’Orso,
1027 2004 1085 2024 non

377 2039 525 2083 Trescare
543 2052 595 2075 con
612 2042 662 2085 gli
680 2042 889 2088 Archibugi;
916 2044 987 2075 Non
1009 2045 1086 2076 Tre-

373 2088 462 2134 [σανα
487 2102 541 2125 con
567 2090 616 2123 chi
643 2090 659 2123 ὲ
684 2094 727 2124 da
751 2093 808 2136 pit&
833 2093 870 2126 di
896 2102 926 2126 te
953 2092 1024 2130 &aa

329 2140 513 2175 Trinciare.
549 2141 588 2175 In
617 2139 755 2175 minutas
780 2152 885 2187 partes
914 2141 1084 2185 conscinde-

378 2201 431 2223 re.
468 2191 497 2223 E
524 2193 688 2229 Truncus,
716 2192 896 2230 Trunchas,
925 2191 1086 2225 Trimiare

378 2237 567 2274 dedustum
606 2237 731 2281 fuisse,
769 2239 923 2277 decernit
960 2240 1084 2276 Mena-

380 2288 484 2336 gius.
519 2286 617 2323 Mihi
645 2287 778 2326 incerta
805 2303 856 2325 res
885 2290 993 2326 adhuc
1022 2292 1086 2326 est.

377 2340 476 2376 Nam
498 2351 515 2373 e
535 2341 697 2381 Truncus,
714 2337 781 2373 five
802 2352 819 2373 e
839 2343 995 2374 Truncarc
1016 2343 1086 2378 La-

380 2388 539 2425 tinorum
561 2388 725 2424 habemus
746 2392 917 2425 Tronsare.
943 2392 1016 2425 Cur
1036 2393 1084 2426 al—

380 2448 495 2475 terum
523 2438 604 2475 inde
631 2439 773 2474 verbum
813 2440 912 2486 plane
940 2440 1084 2476 diffimi-

380 2490 414 2526 le
450 2488 622 2524 traxerint
658 2489 812 2536 Majores
850 2489 979 2525 nostri?
1020 2493 1083 2526 Po-

381 2538 452 2577 tius
488 2553 506 2574 e
539 2539 755 2585 Tnznculare,
792 2548 853 2577 aut
889 2541 1086 2581 Truncillare

1128 1627 1159 1659 D

1787 240 1837 271 10
1875 243 1897 271 2

1255 277 1349 313 nasci
1370 278 1489 326 potuit
1509 280 1688 317 Trinciare.
1714 283 1777 319 Sed
1802 241 1957 320 anigmad

1254 329 1458 365 vertendum
1475 355 1486 370 ,
1523 331 1682 368 Gallicae
1709 334 1868 384 Linguae
1895 335 1959 371 effe

1254 381 1432 425 Tranrber,
1452 382 1508 416 vel
1529 382 1700 422 Trencber‚
1718 385 1868 421 nostrum
1890 390 1958 421 Ta-

1250 429 1354 476 gliare
1393 430 1612 480 significans.
1657 431 1695 468 ἃ
1736 435 1817 471 inde
1856 440 1957 470 Tren-

1252 481 1364 521 ebant,
1392 481 1431 517 &
1454 481 1627 517 Trencbe‘e.
1658 483 1753 516 Num
1781 485 1860 521 inde
1888 488 1958 521 Ira-

1252 530 1359 567 licum
1389 530 1580 565 Trinciare?
1610 533 1670 566 An
1699 532 1802 567 illia
1833 535 1954 570 nobis?

1201 581 1365 616 Tri-vello.
1389 582 1543 616 Terebra.
1571 584 1652 617 Vox
1675 583 1849 618 intentata
1877 583 1957 620 Me-

1252 630 1377 679 nagio‚
1403 631 1515 666 immo
1539 645 1649 680 neque
1669 647 1687 667 a
1713 633 1838 669 Tuscis
1865 635 1958 669 usur-

1252 690 1350 729 pata.
1387 683 1580 718 Lombardi
1617 696 1690 719 eam
1727 684 1765 719 in
1803 683 1862 720 usu
1897 685 1955 720 ba

1253 732 1354 766 bent.
1379 733 1578 768 Florentini
1606 734 1782 781 appellant
1809 738 1918 769 ,ςικΓ
1911 750 1956 769 ο

1251 782 1439 827 Succbiello‚
1467 784 1560 831 quod
1588 797 1606 819 a
1633 785 1746 820 Subita
1768 785 1912 834 Menag‘
1905 800 1957 821 us

1252 832 1370 868 frustra
1397 833 1559 873 deducit,
1587 847 1692 882 quum
1731 815 1901 871 diversae0
1913 836 1959 872 li-

1254 893 1345 919 terae
1380 883 1467 924 flur,
1504 898 1614 932 neque
1649 888 1771 920 Subula
1807 888 1957 922 Terebra

1253 933 1376 969 fimilis
1413 934 1472 971 fit.
1503 935 1664 971 Nostrum
1701 950 1782 985 ergo
1817 938 1960 971 Trivello

1254 985 1298 1020 est
1325 985 1443 1020 eadem
1471 986 1681 1022 Latinorum
1715 989 1870 1031 Terebra,
1899 1001 1960 1023 cu-

1255 1035 1306 1082 jus
1347 1035 1603 1072 diminutivum
1645 1038 1853 1072 Terebrellum
1895 1051 1958 1073 nos

1253 1086 1290 1121 in
1319 1087 1463 1121 Tri-vello
1499 1087 1787 1124 immutavimus.
1816 1089 1961 1122 Tri-cello

1253 1135 1425 1175 dicimus,
1453 1138 1486 1172 8<
1524 1139 1685 1182 Tri-velli,
1717 1152 1755 1174 ac
1792 1139 1959 1174 Tri-uella.

1252 1187 1379 1219 Truelle
1405 1187 1583 1234 appellant
1617 1189 1735 1225 Galli,
1763 1201 1867 1234 quam
1897 1202 1961 1224 vo-

1252 1248 1327 1270 cem
1357 1235 1382 1272 ii
1410 1249 1429 1270 a
1456 1236 1557 1270 nobis
1584 1236 1748 1281 accepisse
1774 1237 1960 1281 videntur,

1253 1294 1323 1314 non
1352 1290 1468 1314 autem
1506 1295 1525 1314 a
1551 1286 1639 1316 Trua
1666 1284 1700 1315 &
1737 1287 1878 1323 Truare,
1905 1287 1960 1321 uti

1253 1330 1464 1377 opinabatur
1490 1330 1697 1380 Menagius.
1732 1332 1837 1368 Nihil
1866 1334 1962 1370 enirn

1254 1381 1349 1416 aliud
1386 1384 1474 1415 Trua
1509 1380 1578 1417 fuit
1613 1381 1776 1423 Latinis,
1807 1383 1868 1419 nifi
1905 1385 1962 1420 in-

1254 1445 1336 1481 gens
1363 1431 1557 1476 Cochlear,
1585 1446 1654 1481 quo
1682 1433 1780 1469 cibus
1812 1434 1850 1470 in
1877 1436 1961 1472 ollis

1253 1483 1346 1518 inter
1387 1481 1606 1530 coquendum
1647 1484 1821 1532 agitatur,
1858 1487 1960 1523 nobis

1253 1533 1387 1569 difflum
1414 1534 1603 1578 Cunthiam,
1629 1547 1667 1570 ac
1691 1536 1797 1571 eriam
1824 1537 1866 1572 ab
1891 1537 1961 1572 im-

1255 1583 1431 1620 miscendo
1469 1585 1626 1629 Mes-ola.
1663 1585 1760 1630 Quid
1797 1600 1878 1636 ergo
1908 1587 1959 1624 rei

1255 1634 1300 1670 est
1326 1638 1429 1670 Truae
1457 1647 1534 1670 cum
1564 1636 1728 1670 Terebra?

1202 1685 1322 1731 Troja.
1349 1686 1475 1730 Scrofa,
1501 1689 1618 1729 Porca,
1642 1689 1703 1721 Sus
1724 1687 1864 1731 f'emt‘na.
1890 1689 1960 1725 Ni-

1253 1736 1306 1771 hil
1336 1735 1413 1771 heic
1449 1713 1685 1784 speculatione
1721 1738 1766 1773 est
1801 1752 1907 1787 opus,
1936 1739 1958 1774 fi

1253 1785 1461 1834 Menagium
1490 1788 1667 1823 audimus.
1701 1791 1792 1824 Nam
1821 1799 1861 1824 ut
1887 1789 1959 1837 ipse

1255 1836 1532 1881 animadvertit,
1568 1837 1662 1872 aurei
1707 1838 1821 1873 Seculi
1858 1840 1961 1875 Lati-

1254 1887 1292 1923 ni
1320 1901 1390 1922 vox
1418 1887 1479 1922 ista
1515 1887 1580 1930 est,
1608 1887 1778 1923 scribente
1815 1888 1960 1927 Messala

1254 1938 1414 1973 Corvino
1450 1937 1487 1972 in
1524 1937 1668 1973 Libello
1709 1938 1750 1973 de
1790 1940 1960 1988 Progenie

1254 1987 1402 2036 Augusti
1439 1988 1479 2022 ad
1516 1987 1627 2037 ipsum
1664 1988 1853 2025 Oc‘iavium
1885 1992 1960 2027 Au—

1255 2038 1409 2087 gustum:
1433 2037 1532 2081 Troia
1556 2052 1685 2085 namque
1708 2040 1806 2086 vulgo
1830 2041 1959 2086 Italico,

1255 2089 1430 2134 Latineque
1464 2088 1595 2132 Scrofa,
1632 2089 1687 2123 vel
1723 2092 1785 2124 Sus
1818 2091 1959 2127 dicitur.

1256 2140 1320 2174 Sed
1361 2138 1530 2187 Menagio
1567 2139 1772 2187 diligentius
1810 2140 1960 2176 circum-

1257 2189 1469 2237 spiciendum
1512 2199 1610 2228 erat,
1651 2202 1694 2223 ne
1737 2189 1960 2238 supposititio

1257 2239 1430 2287 Scriptore
1451 2238 1529 2275 heic
1551 2248 1725 2283 uteretur,
1741 2241 1880 2288 quando
1900 2255 1960 2278 ne-

1256 2303 1314 2325 mo
1332 2290 1420 2325 alius
1437 2289 1531 2325 inter
1548 2299 1678 2325 veteres
1694 2290 1843 2327 Latinos
1861 2295 1961 2328 Scro-

1254 2340 1323 2374 fam
1361 2340 1553 2387 appellavit
1582 2339 1729 2385 Trojam.
1767 2343 1813 2377 Et
1842 2353 1956 2377 revera

1254 2389 1467 2437 Opusculum
1494 2389 1606 2434 illud,
1628 2391 1679 2426 uti
1705 2390 1773 2439 jam
1799 2390 1955 2432 veluus,

1253 2453 1290 2476 ac
1317 2440 1379 2474 alii
1403 2439 1676 2480 subodorarunt‚
1695 2454 1711 2475 a
1737 2441 1842 2476 sciolo
1868 2451 1955 2484 quo-

1252 2490 1346 2538 piam
1375 2491 1592 2538 temporibus
1625 2487 1807 2525 barbaricis
1843 2487 1954 2523 confi-

1251 2540 1347 2580 &um
1376 2539 1464 2582 fuit,
1492 2541 1742 2588 indignumque
1769 2535 1834 2579 est,
1825 2536 1953 2622 ,lquod

1810 2598 1846 2621 ce
1864 2599 1899 2624 e-

2143 1842 2169 2051 *ssmy'L
2153 1825 2157 1829 .
