2169 3047
230 245 316 283 993

227 292 384 322 moratos
410 283 660 326 interpretatus
695 279 741 315 est
777 280 848 325 εῐὸ,
885 281 936 315 che
974 284 1007 318 A

226 337 262 372 in
288 335 361 384 oggi
384 331 499 368 dicium
522 332 688 369 fontane,
718 331 829 379 postea
857 330 934 366 sub-

225 387 306 423 dat:
333 382 431 427 Ληζί
458 382 487 415 io
519 382 611 427 penso
628 404 638 420 ‚
664 383 707 415 da
733 383 838 428 quella
865 395 936 417 voce

226 435 348 473 Latina
385 431 608 480 (Salientes)
637 430 710 477 effer
745 445 865 467 venuta
901 435 935 467 in

226 485 329 529 nostra
370 485 501 531 Lingua
540 483 646 529 quella
685 481 721 517 di
760 486 935 529 Sorgente,

225 536 339 572 bench&
361 534 466 581 soglt'a
491 533 590 578 usarfi
616 533 650 567 in
672 534 760 578 senso
786 535 936 580 alquanto

223 586 367 631 diverso.
403 584 461 620 Est
496 583 533 620 δ’(
569 585 639 619 alia
668 597 738 619 vox
776 585 867 632 paris
894 585 934 619 fi-

225 635 467 686 gnificationis
495 634 753 671 Mutinenfibus
772 662 782 678 ,
812 649 936 685 nempe

224 689 353 727 sortia,
381 699 485 734 quarn
515 700 533 722 e
561 686 706 722 Gallico
735 687 839 720 sanir
865 697 936 722 tra-

224 738 311 776 xisse
339 738 530 777 videntur,
569 747 629 781 aut
666 737 783 786 potii-is
812 738 854 773 ab
881 738 935 786 ip-
984 742 1011 776 B

224 789 262 825 so
288 792 420 835 Surgere
447 788 581 825 Latino
599 816 608 833 ‚
645 802 663 824 e
690 802 761 836 quo
790 789 845 824 vel
874 802 935 824 an-

226 839 319 888 tiqui
350 839 588 875 Grarnmatici
616 839 804 884 testantur,
832 840 936 875 effor-

225 900 362 927 matum
392 890 491 926 fuiffe
529 890 755 939 participium
783 889 935 931 Sorc‘lus,

225 943 284 977 vel
322 945 457 985 smus,
494 942 585 978 unde
621 946 716 977 Surto
749 943 783 977 ἃ.
820 946 935 988 Sana,

227 991 264 1029 &
293 993 330 1029 in
359 992 560 1041 compofitis
588 994 714 1037 Risorto
746 993 835 1042 apud
863 994 934 1030 Ita-

224 1044 302 1079 los.
345 1045 399 1079 Ex
439 1043 516 1093 ipso
555 1047 687 1090 sortus,
727 1044 784 1080 seu
825 1049 935 1089 Sorte,

224 1097 352 1130 Sutia.

174 1148 290 1192 Sorgo.
318 1145 529 1194 Leguminis
565 1158 696 1192 genus.
734 1145 826 1180 Vide
855 1145 937 1180 Dis-

225 1196 452 1229 sen-tationem
492 1197 625 1229 XXIV.
660 1197 700 1228 de
725 1196 867 1229 Artibus
903 1198 936 1230 I-
968 1191 1013 1226 ¹C

223 1244 387 1278 talicorum
403 1270 412 1279 .

173 1298 329 1329 Sottana.
362 1293 474 1328 Vestis
511 1307 637 1338 genus.
675 1294 769 1329 Vide
805 1295 936 1329 Differ-

225 1342 398 1378 tationem
430 1344 544 1377 XXV.
572 1344 609 1377 de
636 1344 810 1378 Textrina.

177 1397 202 1428 S
201 1404 346 1438 paccare.
374 1396 436 1428 Per
456 1393 590 1428 medium
610 1394 767 1429 Findere.
796 1393 831 1429 Si
858 1393 938 1429 Me-

226 1443 370 1492 nagium
400 1443 657 1488 auscultamus,
696 1444 763 1480 hoc
791 1445 937 1480 verbum

227 1495 405 1531 descendit
426 1495 468 1531 ab
490 1495 692 1542 ExpaHare,
713 1496 820 1531 verbo
841 1509 937 1532 nern-

229 1559 269 1593 pe
305 1545 498 1595 composito
527 1560 544 1582 a
573 1550 704 1594 Panga.
740 1548 940 1593 Compingo‚

227 1597 446 1641 ίόνηραὲἶκς,
483 1598 581 1647 cujus
617 1597 833 1634 contrarium
870 1601 941 1633 Ex-

224 1648 368 1694 pac‘lus,
405 1648 489 1684 idest
515 1663 575 1683 mm
602 1647 818 1697 Compac‘i‘us.
856 1649 942 1685 Inde
987 1643 1032 1677 D¹

228 1699 434 1745 Εκραέῖανε,
458 1703 647 1744 Expacare,
674 1703 829 1746 Spacare.
857 1702 941 1736 Non

229 1749 431 1787 subscribo.
468 1752 527 1786 Ab
555 1751 738 1798 Expac‘fare
765 1750 942 1786 efformas-

230 1800 305 1836 sent
337 1800 418 1837 Itali
446 1805 622 1849 Spattare‚
660 1814 731 1837 non
767 1805 942 1849 Spaccare.

231 1851 415 1899 Legitima
453 1852 550 1888 verbi
589 1852 691 1901 origo
727 1853 815 1900 apud
846 1854 942 1889 Teu-

232 1902 372 1938 ronicos
414 1903 617 1948 reperitur.
660 1904 780 1940 Habet
821 1917 942 1940 eorum

232 1952 374 2001 Lingua
411 1954 535 1991 Packen
570 1953 764 2001 significans
793 1956 942 2002 Compin-

230 2017 302 2050 gere
316 2031 323 2045 ,
352 2004 453 2039 nobis
476 2006 666 2049 Imballare,
688 2007 944 2052 Avviluppare,

233 2056 449 2101 Congiugnere
486 2056 519 2089 in
556 2070 598 2090 un
635 2056 753 2097 fassio,
781 2070 797 2090 o
825 2058 945 2091 involto
979 2095 981 2104 γ

233 2106 324 2139 varie
350 2106 430 2148 cose,
468 2106 551 2142 Inde
591 2108 700 2146 Pan-k,
739 2108 944 2151 Fasciculus,
990 2101 1018 2135 E

235 2155 337 2191 nobis
366 2157 514 2202 Involto,
544 2159 674 2200 Fas1io.
703 2160 755 2193 Ex
778 2158 834 2193 ista
857 2161 938 2194 Ger-

235 2206 373 2242 manica
404 2221 489 2244 voce
521 2222 583 2243 nos
622 2210 701 2243 Itali
743 2209 940 2244 efformavi—

234 2270 312 2293 mus
332 2257 588 2294 diminutivum
615 2260 778 2299 Pacbmo,
801 2258 838 2296 ὃ(
859 2260 945 2295 Gal-

234 2308 263 2344 li
291 2311 437 2355 Paquet„
469 2310 578 2358 Angli
616 2324 658 2345 ex
697 2311 817 2346 eodem
848 2310 946 2346 fonte

236 2360 411 2396 duxerunt
459 2360 555 2396 suum
598 2365 661 2395 Pa:
729 2363 762 2397 &
804 2362 945 2399 Pack-n.

236 2411 487 2448 Germanicum
532 2415 613 2448 verb
655 2415 810 2457 Pac'en,
852 2413 946 2461 quod

237 2462 362 2497 Italice
389 2463 563 2498 redditum
584 2463 681 2499 daret
703 2467 854 2507 paccare,
883 2477 947 2499 nos

240 2523 415 2558 nunquam
458 2514 731 2561 usurpavimus,
769 2514 824 2550 sed
865 2514 946 2561 qui-

237 2562 317 2648 denra
344 2564 659 2649 ejusVIcontrarium
677 2593 690 2612 ‚
724 2579 850 2616 nempe
875 2569 947 2603 Ex-

318 2624 376 2649 om.
450 2638 459 2650 .

524 218 892 263 DISSERTATIO
923 219 1461 265 TRJGESIMATERTms

1658 238 1746 275 994

1067 277 1237 325 ‘paca-are,
1263 281 1435 326 Spaccare,
1464 280 1577 326 reapse
1606 279 1803 325 signeficans

1093 330 1288 377 Diffolvere,
1317 329 1371 364 seu
1399 332 1557 372 Fmdere,
1587 322 1678 378 tud
1710 331 1804 378 prius

1094 382 1233 418 unitum
1276 386 1367 416 erat.
1408 382 1464 415 An
1504 386 1586 416 νενὸ
1625 384 1659 417 Τ
1683 381 1805 417 υῖοῃί-

1094 446 1172 468 cum
1210 433 1337 469 Packm
1375 445 1394 466 e
1434 433 1565 467 Latino
1603 436 1709 477 Panga
1745 435 1805 468 de-

1094 483 1287 525 scenderit,
1309 483 1495 520 decernent
1517 482 1601 520 alii,
1629 495 1695 516 non
1718 496 1803 530 ego.

1043 536 1206 584 spauciare
1231 561 1240 570 .
1282 535 1441 579 Expedire
1482 533 1648 570 La=inis.
1690 533 1805 568 Gallis

1095 586 1277 630 Depecher,
1305 585 1436 634 Anglis
1464 596 1495 619 to
1526 584 1697 628 Dilparch,
1738 583 1806 618 Hi-

1095 637 1209 685 spanis
1249 639 1446 679 Delpachar.
1487 638 1661 671 Incertum
1682 662 1692 677 ,
1722 647 1806 669 num

1096 702 1160 725 nos
1186 702 1205 723 a
1233 689 1370 731 Gallis,
1408 701 1449 722 an
1489 686 1543 721 illi
1574 699 1591 720 a
1622 685 1721 720 nobis
1750 697 1808 720 ac-

1097 739 1275 788 ceperint.
1305 741 1397 774 Vide
1425 738 1522 786 supra
1552 737 1719 783 Impaccio.

1045 792 1261 840 Spalancare.
1302 790 1447 836 Aliquid
1487 789 1623 823 clausum
1663 786 1808 833 aperire.

1096 840 1285 890 Menagius
1313 840 1455 876 deducit
1483 841 1524 874 ab
1563 839 1807 872 Exoalancare.

1097 894 1240 929 Palanca
1266 893 1360 928 enim
1391 890 1563 939 significat
1591 888 1651 937 ipsi
1683 890 1809 923 Mena-

1098 944 1159 991 gio
1196 944 1314 992 palum
1352 943 1504 979 divisum
1545 953 1604 989 per
1641 941 1810 987 longum.

1097 994 1197 1031 Mihi
1245 993 1424 1030 dubitatio
1473 992 1590 1039 aliqua
1637 988 1810 1034 superest,

1098 1059 1183 1081 num
1220 1059 1239 1081 a
1275 1046 1449 1081 Palancato
1491 1043 1607 1090 potius
1649 1041 1752 1088 quam
1791 1052 1811 1075 a

1098 1098 1266 1140 Palanca,
1304 1106 1425 1132 natum
1464 1095 1569 1130 fuerit
1606 1095 1813 1138 Expalanca-

1098 1160 1151 1190 re,
1180 1146 1248 1181 five
1277 1148 1487 1191 -spalancare.
1515 1147 1623 1179 Erant
1653 1145 1813 1176 Patansa-

1098 1206 1133 1231 ta
1160 1195 1304 1230 claustra
1332 1208 1374 1230 ex
1405 1196 1521 1233 Palis,
1550 1194 1676 1238 quibus
1705 1190 1815 1226 Civi-

1100 1255 1214 1282 tatum
1243 1245 1500 1287 antemuralia,
1538 1253 1599 1279 aut
1629 1243 1814 1277 Portarum

1100 1297 1215 1331 aditus
1243 1296 1513 1333 muniebantur,
1543 1306 1635 1327 nunc
1661 1293 1816 1332 appella-

1099 1354 1136 1380 ta
1175 1358 1260 1379 voce
1296 1344 1436 1379 Gallica
1474 1343 1668 1387 Palizzate.
1707 1343 1816 1376 Fran-

1100 1407 1209 1444 gere,
1250 1394 1317 1430 hoc
1359 1395 1425 1433 est,
1473 1394 1605 1442 aperire
1653 1393 1816 1427 Pialanca-

1100 1457 1194 1490 tum,
1235 1455 1475 1491 nuncupatum
1513 1444 1557 1480 est
1601 1444 1816 1489 spalancare.

1101 1497 1208 1543 Quod
1238 1497 1382 1532 verbum
1423 1504 1650 1543 propagatum
1690 1494 1815 1530 deinde

1102 1548 1171 1584 fuit
1209 1547 1249 1582 ad
1289 1547 1451 1582 latiorem
1494 1544 1814 1593 significationem,

1105 1599 1171 1634 hoc
1199 1598 1243 1633 est
1273 1596 1562 1645 quotiescumque
1590 1595 1756 1630 reseratur
1781 1596 1815 1630 δε

1104 1649 1270 1700 panditur
1297 1648 1431 1694 aliquid
1461 1657 1560 1682 antea
1587 1647 1766 1681 clausurn.

1052 1706 1280 1750 Sparagnare.
1322 1699 1426 1735 Vide.
1455 1700 1553 1747 supra
1590 1698 1633 1732 ad
1669 1697 1817 1733 verbum

1106 1752 1350 1796 Risparmt'arev.

1054 1803 1300 1853 sparpagliare.
1330 1802 1532 1849 Dispergere.
1557 1798 1718 1848 Menagii
1739 1811 1818 1834 ver-

1107 1856 1148 1890 ba
1186 1853 1268 1889 haec
1307 1853 1406 1889 sunt.
1446 1855 1545 1888 Credo
1585 1854 1628 1887 da
1669 1855 1817 1896 spargo,

1106 1906 1278 1950 Spargico,
1318 1905 1504 1950 Spargiculo
1519 1931 1529 1947 ‚
1566 1903 1790 1949 ffpargiculare
1805 1926 1817 1945 ,

1107 1956 1300 2002 Sparglare‚
1327 1956 1511 1999 Spargliare
1523 1968 1542 1996 ‚⁴
1577 1967 1593 1987 e
1629 1965 1680 1987 con
1707 1951 1741 1985 la
1768 1964 1819 1985 re·-

1107 2006 1328 2050 dupltcazt‘one
1348 2005 1595 2052 Sparpagtiare.
1622 2001 1727 2048 Quod
1748 2000 1818 2036 mi-

1108 2070 1184 2094 rum
1227 2057 1346 2092 addit:
1389 2056 1513 2097 E’cola
1547 2065 1659 2089 certa:
1702 2052 1818 2088 Immo

1108 2108 1201 2144 n3hil
1240 2107 1350 2155 magis
1387 2107 1542 2142 alienum
1571 2117 1609 2139 at:
1644 2102 1819 2138 dissonum

1109 2160 1150 2195 ab
1189 2157 1438 2206 Etymologiae
1474 2156 1636 2204 legibus,
1673 2153 1727 2189 uti
1765 2152 1821 2189 di-

1109 2209 1251 2259 gnoscet
1292 2208 1451 2257 quisquis
1494 2207 1674 2242 mirabiles
1714 2217 1821 2240 exco-

1110 2263 1242 2310 gitatae
1279 2258 1381 2308 hujus
1419 2257 1527 2293 sca-lae
1567 2257 1690 2305 gradus
1731 2255 1820 2291 scrib

1111 2310 1320 2361 perpendat.
1348 2308 1445 2346 Mihi
1475 2309 1571 2344 nulla
1599 2317 1690 2343 certa
1718 2305 1821 2354 origo

1111 2363 1229 2399 voris.
1257 2361 1457 2408 Quamdam
1480 2358 1715 2395 nihilominus
1736 2370 1821 2392 con-

1110 2414 1279 2463 jefiluram
1325 2411 1523 2457 proferam,
1565 2423 1653 2458 quae
1690 2408 1713 2444 fi
1751 2420 1820 2444 non

1112 2478 1224 2503 vera,
1270 2462 1392 2498 saltem
1438 2462 1619 2497 toleranda
1660 2472 1822 2505 apparere

1111 2514 1239 2564 poffit.
1280 2515 1382 2560 Quae
1419 2512 1544 2549 Tuscis
1583 2511 1727 2554 Farfalle
1762 2524 1823 2559 ap-

1112 2566 1315 2616 pellantur,
1354 2563 1498 2603 Latinis
1539 2563 1750 2612 Papiliones'‚
1787 2574 1824 2599 a·

1171 2618 1289 2654 Rrr
1698 2612 1769 2665 pud
