2169 3047
259 235 337 284 505

201 286 336 313 verint.

200 326 477 363 dominationem
519 323 612 358 suam
651 323 756 369 ulque
793 321 834 356 ad
874 322 940 356 Ari

200 378 336 413 minum
374 373 654 422 protendebant·
699 386 736 407 ac
778 382 955 419 propterea

199 429 252 464 uti
280 428 386 463 etiam
415 437 505 459 nunc
533 424 629 458 Galli
659 423 793 464 Noftre
823 426 955 461 Ama„

201 488 304 524 atque
345 476 468 511 horum
512 473 658 517 similia,
702 473 873 519 suppreflo
917 474 955 506 E.

200 527 298 562 finali
336 525 587 573 pronuntiant,
625 524 674 559 ita
713 522 957 565 taurinenses,

199 576 435 614 Bononienses
453 600 461 614 ‚
500 577 632 622 aliique
660 574 800 622 hujusce
828 573 958 609 trafi'ius

200 627 323 676 populi
361 627 590 675 pronuntiant
627 626 740 668 Nofir,
777 625 860 659 ,ΑΙιν
886 630 958 662 (φο.

202 679 236 714 8(
287 676 562 713 Mediolanenles
609 680 695 709 Olter
715 701 730 719 ‚.
779 674 958 710 Gallicum

202 731 285 764 AU.
317 729 352 763 in
384 729 427 763 O.
472 736 734 761 convertentes.
773 727 870 760 Haec
908 735 958 759 ta—

203 792 282 813 men
312 777 580 812 difficultatibus
610 789 678 810 non
708 777 824 823 paucis
852 774 960 810 obsita

203 827 294 863 mihi
322 829 532 863 creduntur.
561 826 692 871 Quaeri
721 826 849 873 quippe
886 824 954 872 pos·

205 878 277 922 set,
307 892 366 913 cur
393 876 551 916 Errasti,
579 877 640 924 qui
667 877 753 911 olim
779 885 858 911 ante
877 876 962 910 Gal-

204 930 257 964 los
285 929 354 963 late
391 927 565 963 dominati
604 926 680 962 sunt
718 927 766 961 cis
805 927 963 974 Apenni-

208 991 313 1018 num,
342 978 391 1014 ita
419 988 456 1013 ut
486 976 638 1020 Felfina,
667 990 757 1012 nunc
782 977 963 1014 Bononia,

206 1029 367 1065 Etruriae
395 1038 499 1076 caput
535 1028 741 1066 haberetur,
779 1028 961 1062 non'eum

209 1080 246 1114 in
275 1079 367 1113 hisce
395 1077 594 1126 regionibus
622 1077 853 1125 impresserint
885 1090 962 1122 pro-

207 1128 392 1164 nuntiandi
416 1128 555 1162 modum
571 1154 580 1170 ‚
607 1140 708 1173 quem
732 1128 821 1161 ultra
848 1130 960 1172 Apen-

207 1181 328 1214 ninum
358 1177 535 1224 retinent3
565 1176 656 1211 hunc
693 1186 807 1211 autem
847 1177 866 1211 fi
896 1176 963 1211 im—

206 1228 371 1276 pressere,
396 1227 475 1275 quei
503 1227 586 1262 novi
611 1226 763 1274 hospi=es
784 1228 880 1262 Galli
911 1226 959 1262 su-

205 1278 390 1326 stulerint3
430 1291 539 1325 neque
570 1278 678 1318 postea
717 1278 884 1312 Romanis
913 1291 960 1312 re-

206 1342 283 1365 rum
327 1328 478 1363 dominis
521 1328 591 1375 post
622 1329 760 1369 ‚Gallos
797 1328 966 1375 obtigerit

209 1380 392 1414 Gallorum
419 1378 740 1425 pronuntiationem
763 1378 897 1421 delere,
915 1378 967 1413 uri

210 1440 309 1464 antea
337 1429 434 1463 Galli
464 1429 503 1462 sle
532 1427 684 1462 Etruscis
720 1427 892 1470 fecerant,
931 1428 968 1463 δε

212 1478 394 1525 praecipue
420 1490 525 1524 quum
553 1487 607 1511 tor
636 1480 870 1512 Romanorum
893 1477 967 1513 Co—

213 1529 329 1563 loniae
370 1528 405 1562 in
447 1527 560 1563 Urbes
596 1529 734 1562 Galliae
770 1528 970 1573 Cisalpinae

211 1578 376 1614 deduffle
404 1577 553 1612 fuerint.
585 1578 718 1612 Deinde
750 1579 968 1620 exploratum

213 1629 277 1667 est,
309 1642 364 1674 per
386 1627 579 1663 universam
604 1628 765 1667 ltaliam,
793 1629 970 1670 Galliam,

214 1681 247 1714 δ(
277 1678 482 1725 Hispaniam
523 1688 750 1726 propagatum
787 1678 837 1713 ita
875 1678 971 1713 fuisse

212 1729 363 1766 Latinae
394 1732 548 1776 Linguae
571 1728 690 1771 usum,
720 1739 759 1764 ut
780 1741 849 1763 non
876 1728 970 1763 ἀοξὶί

211 1788 351 1814 tantum
383 1779 476 1819 viri,
503 1779 555 1813 sed
585 1778 620 1813 ἃ
652 1779 767 1826 plebs,
795 1780 828 1813 δε
857 1778 970 1814 rustici

214 1829 363 1872 denique
399 1841 521 1863 ornnes
558 1828 714 1863 eamdem
753 1828 972 1876 usurparint.

214 1880 250 1915 Si
278 1879 478 1917 statuimus,
508 1879 561 1914 vel
592 1879 713 1925 primis
743 1880 874 1915 Seculis
904 1882 973 1915 Ro-

215 1943 337 1965 manae
374 1929 658 1969 dominationis,
697 1930 876 1965 Dialeetos
913 1944 974 1978 pro

216 1993 312 2015 more
344 1981 526 2015 Gallorum
568 1990 722 2015 veterum
761 1981 838 2016 heic
875 1981 973 2016 inva-

218 2030 339 2070 luisse,
367 2031 399 2064 ὃς
431 2043 553 2065 vocum
584 2031 810 2078 compendia,
839 2045 877 2067 ac
907 2042 974 2067 ter-

219 2080 432 2116 minationes
461 2080 528 2128 jam
561 2090 651 2116 tum·
673 2081 829 2122 auditas,
858 2084 976 2128 quales

219 2143 312 2167 nunc
356 2130 548 2165 habemus:
598 2133 786 2179 Vulgarem
830 2133 974 2168 nostram

219 2182 395 2229 Linguam
426 2182 481 2215 vel
513 2180 590 2225 ipsis
627 2181 670 2217 iis
699 2182 829 2219 seculis
857 2183 976 2230 aliquo

219 2231 323 2281 paffio
349 2230 533 2267 admittere
557 2245 779 2280 cogeremur:
807 2234 899 2281 quod
929 2233 973 2269 sa-

221 2294 264 2317 ne
292 2282 491 2327 excogitare
526 2283 558 2316 81
588 2283 722 2318 credere
758 2297 861 2320 nemo
890 2284 979 2320 velit

225 2343 285 2368 aut
307 2331 427 2379 poffit.
452 2333 486 2367 Si
512 2335 594 2368 vero
615 2333 782 2369 Latinam
803 2334 980 2382 Linouam

224 2384 294 2432 jam
324 2396 382 2430 per
424 2384 570 2429 pooulos
607 2382 807 2428 Cisalpinae
844 2385 981 2420 Galliae

210 2438 449 2491 'propagatam
469 2457 479 2472 ,
507 2432 544 2469 ἃ
574 2433 660 2468 olim
691 2433 896 2475 florentem
925 2436 983 2469 ad-

227 2483 404 2518 mittimus
432 2483 551 2518 senfim
588 2494 783 2530 corruptam
814 2486 854 2520 ab
883 2463 983 2521 indo-

226 2533 283 2571 δὶα
308 2535 343 2570 δι
369 2533 492 2571 rustica
520 2535 643 2584 plebe:
679 2534 889 2584 consequens
918 2535 983 2576 est,

517 211 705 257 DISSER
714 211 883 254 ΤΑἹΙΟ
917 211 1444 254 TRIGESIMASECUND
1457 213 1512 255 4.

1021 2088 1048 2120 ΓΗ

1688 223 1768 268 5ος

373 272 514 310 Etenim
544 272 639 308 Galli
669 280 750 306 ante
780 273 956 306 Romanos
993 274 1021 305 A
1069 284 1138 306 non
1165 284 1208 307 ex
1244 271 1431 317 primaevis
1468 270 1649 318 regionum
1687 273 1830 309 istarum

1070 322 1348 363 habitatoribus,
1371 320 1423 355 sed
1445 321 1525 355 aliis
1546 334 1587 355 ex
1609 323 1727 358 caustis
1750 336 1830 371 pro-

1072 371 1196 408 ceffiffe
1225 371 1430 407 varietatem
1454 370 1717 412 Dialffi'mrum,
1742 387 1829 420 quae

1073 436 1163 459 nunc
1185 422 1327 470 vigent.
1349 423 1479 457 Verum
1502 421 1579 456 heic
1602 421 1735 468 prorsus
1755 436 1832 458 cae-²

1075 473 1186 510 cutire
1214 486 1268 507 me
1295 472 1455 507 lubenter
1482 471 1617 520 fateor-3
1645 473 1678 507 &
1710 485 1833 520 quam<

1075 537 1177 571 quam
1201 532 1332 559 certum
1355 533 1498 570 putem,
1520 523 1834 558 Lombardicarum.

1077 575 1232 610 Urbium
1262 573 1442 609 DialeElos
1470 573 1510 607 ad
1541 586 1671 608 morem
1710 574 1835 608 Gallo-

1077 639 1152 661 rum
1182 624 1220 660 &
1249 623 1583 672 Septentrionaliurn
1624 626 1835 672 populorum

1077 675 1175 711 fuiffe
1216 674 1452 723 compositas:
1499 675 1671 709 incertum
1716 684 1834 708 tamen

1079 726 1256 770 arbitror,
1288 738 1369 760 num
1397 726 1639 772 Langobardis
1658 753 1666 767 ,
1693 726 1726 759 ὃ(
1756 724 1835 759 sub-

1079 776 1232 824 sequutis
1268 775 1433 816 Francis,
1468 774 1505 811 &
1534 776 1719 811 Germanis
1757 774 1835 809 heic

1078 828 1165 863 olim
1205 826 1491 866 dominantibus,
1528 839 1570 860 an
1608 825 1836 872 antiquorum

1080 879 1264 913 Gallorum
1295 875 1433 924 posteris
1462 877 1644 912 tribuenda
1672 875 1711 910 sit
1740 885 1838 911 tanta

1080 929 1230 964 Latinae
1266 927 1426 975 Linguae
1473 926 1508 961 in
1547 925 1639 962 hisce
1680 927 1837 974 partibus

1081 979 1260 1024 corruptio
1288 977 1356 1012 five
1377 976 1548 1012 mutatio.
1581 977 1673 1012 Idem
1698 989 1837 1023 quoque

1080 1029 1263 1064 dicendum
1293 1028 1334 1063 de
1371 1026 1619 1062 Veronenfium
1650 1027 1838 1062 Dialeffio-

1081 1079 1232 1114 Fortasse
1269 1078 1361 1124 quod
1398 1077 1443 1113 iis
1485 1078 1589 1124 lenge
1623 1077 1839 1124 frequentius

1081 1142 1183 1175 quam
1232 1127 1409 1163 Brixianis
1453 1127 1702 1162 commercium
1750 1125 1841 1162 foret

1081 1192 1157 1215 cum
1187 1179 1321 1223 inclyta
1351 1177 1578 1212 Venetiarum
1610 1176 1731 1220 Urbe,
1760 1186 1838 1211 tum

1082 1239 1222 1278 propter
1251 1227 1386 1264 Athesis
1416 1227 1536 1270 usum,
1561 1237 1636 1262 turn
1663 1228 1707 1262 ob
1731 1227 1843 1274 majo·

1082 1294 1153 1316 rem
1183 1279 1429 1320 vicinitatem,
1457 1280 1488 1313 8<
1521 1278 1719 1324 praesertim
1751 1277 1841 1325 post-

1082 1344 1187 1395 quam
1225 1331 1261 1365 in
1291 1329 1451 1365 sereniss.
1486 1329 1584 1364 illius
1615 1328 1843 1377 Reipublicae

1083 1382 1254 1416 ditionem
1286 1380 1472 1422 tranfiere,
1509 1381 1627 1414 eadem
1657 1393 1744 1426 quae
1773 1381 1844 1413 Ve-

1084 1431 1189 1467 netiis
1209 1430 1320 1466 forma
1343 1430 1509 1477 loquendi
1535 1430 1703 1465 adhaesit.
1729 1432 1845 1464 Vene—

1084 1491 1139 1518 tus
1167 1484 1250 1517 verb
1279 1482 1447 1528 populus,
1476 1480 1568 1525 quod
1603 1492 1781 1527 nunquam
1810 1478 1845 1514 I-

1085 1532 1185 1568 talici
1215 1531 1326 1579 Regni
1357 1544 1430 1577 pars
1458 1529 1586 1572 fuerit,
1612 1544 1722 1577 neque
1749 1532 1848 1565 Lan—

1086 1581 1275 1630 gobardis,
1305 1580 1469 1621 Francis,
1501 1580 1534 1613 &
1563 1580 1749 1615 Germanis
1784 1592 1850 1613 un-

1088 1645 1191 1679 quam
1222 1630 1399 1677 paruerit,
1429 1629 1620 1665 dulciorem
1650 1628 1688 1664 ἃ
1717 1628 1804 1664 culti
1809 1642 1848 1663 ο-

1089 1695 1160 1717 rem
1187 1682 1385 1725 loquelam,
1420 1681 1522 1727 quarn
1559 1680 1647 1727 apud
1673 1681 1848 1716 Lombar-

1090 1732 1172 1771 dos,
1202 1731 1351 1768 Latinae
1371 1742 1488 1766 tamen
1513 1729 1647 1772 filiam,
1674 1730 1715 1765 ad
1738 1729 1849 1764 nostra

1092 1783 1196 1830 usque
1225 1791 1382 1828 tempora
1420 1780 1591 1816 servavit.
1628 1781 1759 1815 Verllm
1797 1793 1852 1815 re-

1092 1844 1200 1881 peto,
1228 1845 1335 1879 quum
1372 1844 1434 1866 nos
1470 1831 1547 1865 heic
1578 1840 1734 1866 veterum
1774 1843 1850 1865 mo-

1093 1893 1258 1919 numenta
1285 1882 1433 1917 omnino
1460 1881 1647 1925 deficiant,
1676 1880 1770 1916 inter
1795 1888 1852 1915 tot

1092 1934 1250 1970 tenebras
1287 1931 1453 1968 hariolari
1492 1945 1554 1967 nos
1595 1931 1698 1967 facile
1732 1931 1852 1976 poffe,

1093 1995 1221 2020 certam
1258 1983 1461 2032 contingere
1492 1982 1679 2018 veritatem
1709 1980 1854 2017 difficil-

1096 2035 1223 2071 limum
1254 2033 1347 2069 fore.

1149 2087 1276 2124 Porro,
1305 2093 1344 2120 ut
1372 2085 1460 2120 unde
1487 2084 1651 2133 digressus
1679 2082 1775 2126 sum,
1804 2095 1857 2118 re-

1096 2145 1236 2179 vertar,
1279 2135 1536 2171 animadvertas
1581 2135 1687 2171 etiarn
1719 2133 1855 2173 velim,

1099 2187 1246 2223 Chartas
1275 2195 1354 2220 ante
1375 2199 1482 2221 annos
1504 2196 1698 2233 nongentos
1719 2186 1753 2219 &
1775 2183 1859 2218 mil-

1099 2239 1132 2273 le
1160 2236 1302 2284 scriptas
1324 2237 1479 2285 pluribus
1505 2236 1632 2272 scatere
1654 2237 1858 2281 plerumque

1101 2287 1300 2331 erroribus,
1329 2300 1432 2335 quam
1462 2287 1610 2334 scriptae
1638 2286 1708 2333 post
1737 2288 1861 2321 Saecu-

1101 2340 1174 2374 lum
1204 2340 1245 2372 X.
1283 2351 1391 2384 quum
1432 2346 1549 2373 tamen
1587 2337 1722 2373 credere
1758 2347 1862 2383 coga-

1102 2401 1211 2431 mur,
1253 2390 1444 2436 Vulgarem
1487 2388 1664 2436 Linguam
1708 2384 1863 2432 exempli

1103 2438 1218 2474 causa
1245 2439 1353 2473 Anno
1394 2450 1500 2483 1050.
1538 2439 1677 2486 longius
1706 2450 1724 2472 a
1761 2434 1864 2472 Lati-

1104 2503 1146 2524 na
1183 2489 1367 2531 recefflffe‚
1395 2501 1499 2535 quam
1536 2490 1645 2524 Anno
1672 2498 1757 2533 740.
1798 2487 1865 2519 Ec-

1103 2553 1164 2576 cur
1199 2538 1348 2588 quaeso?
1386 2538 1460 2576 Nisi
1497 2538 1580 2587 quia
1616 2538 1689 2588 post
1702 2539 1867 2623 c{shnnum

1764 2597 1814 2624 n-
