2169 3047
225 275 391 313 Garontoli
405 302 412 310 .

282 222 363 261 821

274 340 354 362 nam
398 326 532 373 plebem
569 321 698 369 reperit
734 324 804 356 Dar
838 322 886 356 de’
914 327 981 357 Ga-

275 376 420 416 romvH,
464 386 525 430 pro
566 372 717 418 Infligere
754 381 893 419 pugnos.
935 376 982 409 Et

274 436 484 474 quamquam
507 423 536 458 is
556 422 725 462 fateatur,
750 435 872 458 vocem
894 422 982 459 hanc

275 475 466 522 majoribus
509 474 698 520 incognitam
736 472 855 514 fuisse,
893 483 981 509 atta-

273 539 352 561 men
381 524 502 560 ειυὲὶοι·
529 524 598 564 est,
635 536 710 559 eam
748 522 937 572 proceffiffe
965 539 982 560 e

274 588 409 620 Graeco
435 573 624 629 spon-‚301
658 582 750 618 idem
788 582 982 632 significan-

274 643 335 671 te.
373 635 623 670 Oztimameme‚
661 630 756 668 suum
794 633 872 669 heic
909 634 982 681 epi-

274 686 447 735 phonema
468 683 564 718 addit
582 683 786 732 Menagius.
804 685 855 719 At
877 685 957 732 quei
972 712 982 729 ,

274 745 356 785 peto
392 748 484 783 ego,
521 743 592 767 tam
631 735 765 769 erudita
798 734 868 770 fuit
903 743 983 770 ante

276 795 415 822 centum
460 797 567 819 annos
609 784 814 820 Florentina
858 785 982 829 Plebs,

275 846 314 872 ut
341 850 359 872 e
388 838 520 870 Graeca
558 833 697 884 Lingua
735 848 856 870 vocem
894 834 981 870 hanc

276 886 474 934 acceperit,
518 898 622 932 quarn
662 885 800 932 antiqui
842 885 981 933 ignora-

273 946 383 979 runt,
411 937 444 971 8<
473 949 514 970 ne
551 936 611 983 ipsi
649 935 790 982 quidem
820 937 981 972 Vocabu-

275 987 353 1023 larii
384 986 582 1022 Florentini
606 986 777 1022 Aufflores
805 986 979 1022 recensen-

274 1038 353 1073 dam
382 1036 613 1073 censuerunt?
643 1037 785 1072 Somnia
813 1036 895 1072 haec
924 1050 980 1083 ap-

275 1089 405 1136 pellare
441 1087 547 1122 liceat
589 1086 772 1122 hominum
795 1113 805 1128 ‚
853 1086 982 1132 ubique

273 1137 455 1173 Graeciam
494 1136 731 1182 crepantium.
770 1137 875 1170 Nova
904 1149 980 1171 ver—

273 1188 337 1227 ba.
367 1199 474 1221 novas
504 1185 664 1233 phrases,
702 1198 740 1220 ac
778 1185 981 1222 translatio-

269 1250 328 1272 nes
356 1235 394 1272 &
422 1235 493 1283 ipse
523 1237 675 1284 Populus
703 1235 865 1283 quotidie
902 1250 981 1285 pro—

271 1287 393 1329 cudit,
432 1300 579 1333 quorum
620 1286 767 1322 cauffam
796 1285 834 1322 &
871 1286 980 1335 origi—

272 1349 351 1372 nem
400 1335 517 1370 frustra
569 1336 745 1371 interdum
792 1336 946 1382 requiras
972 1363 980 1371 .

211 1399 216 1403 ·
272 1384 483 1421 Mutinensis
526 1397 665 1432 quoque
713 1386 877 1433 Popellus
921 1399 981 1433 pro

273 1440 360 1472 Dare
396 1449 438 1470 tm
473 1445 602 1482 pugno,
639 1434 780 1483 inquit,
818 1438 905 1470 Dare
939 1450 980 1469 un

274 1486 432 1530 Garofano
451 1512 459 1528 ‚
488 1485 581 1533 quod
610 1484 673 1520 flos
701 1485 857 1533 quinque
884 1485 980 1521 foliis

274 1536 456 1584 (totidem
485 1535 615 1584 quippe
642 1535 775 1584 digitos
811 1536 915 1571 habet
943 1550 979 1571 u—

272 1597 395 1633 traque
416 1586 562 1633 manus)
586 1585 735 1621 constet.
760 1587 880 1632 Inepta
902 1600 977 1633 pro-

274 1637 365 1673 fecto
387 1636 619 1685 Metaphora:
650 1637 746 1684 cujus
771 1645 887 1672 tamen
910 1650 978 1672 me-

274 1687 391 1731 mini,
420 1696 458 1722 ut
486 1686 626 1730 videas,
665 1686 827 1734 quasdam
866 1687 976 1734 plebe-

273 1739 324 1786 jas
352 1750 475 1777 voces,
512 1736 568 1772 seu
606 1738 786 1785 populares
814 1737 979 1783 loquendi

273 1787 469 1830 formulas,
497 1800 568 1822 non
596 1794 635 1822 ut
662 1800 783 1822 aurum
803 1813 813 1830 ,
851 1787 905 1821 sed
944 1797 981 1822 ut

274 1839 456 1887 plumbum
485 1837 550 1873 effe
586 1836 829 1885 accipiendas.
867 1837 980 1873 Dubi—

273 1899 347 1924 tare
390 1888 497 1923 etiarn
536 1887 643 1927 licet,
680 1901 722 1923 ne
759 1887 979 1923 Monofinius

273 1938 522 1986 interpretatus
563 1937 670 1973 fuerit
708 1938 846 1985 Pugni,
888 1938 980 1984 quod

274 1999 349 2024 erat
375 1988 468 2034 Calpi
493 1988 529 2022 di
565 1988 699 2029 Ballene
716 2015 726 2032 ‚
763 1987 911 2024 fortaffis
939 1989 980 2023 ab

276 2038 470 2086 Hispanico
520 2041 650 2073 Garrote
670 2065 680 2082 ,
730 2038 798 2074 five
839 2038 981 2073 Gallico

274 2092 390 2123 Garrot
414 2112 424 2128 ,
466 2088 556 2124 unde
591 2088 740 2124 traxerit
776 2088 981 2124 Florentina

277 2139 379 2174 Plebs
407 2139 503 2174 suum
532 2140 714 2175 Garontoli.

223 2190 407 2235 Garzuolo.
447 2191 527 2225 Pars
557 2189 670 2224 media
697 2203 736 2225 ac
764 2189 917 2225 tenerior
944 2189 981 2224 in

275 2237 484 2288 caespitibus
520 2239 697 2283 lactucae,
735 2239 915 2278 manicae,
944 2238 981 2275 &

275 2290 505 2337 quorumdam
535 2288 684 2332 florum,
723 2303 761 2324 ac
798 2291 980 2325 herbarum

276 2340 544 2376 comestibilium
563 2366 571 2374 .
609 2342 643 2374 A
671 2340 854 2374 cauliculus
880 2340 981 2376 effor-

275 2399 408 2425 matam
445 2390 534 2425 hanc
562 2403 686 2425 vocem
723 2390 863 2437 putavit
900 2393 982 2425 Fer-

276 2439 406 2476 rarius.
434 2441 496 2475 Sed
525 2448 693 2489 repugnat
720 2440 900 2476 literarum
929 2440 982 2475 so-

276 2503 360 2525 nus.
395 2490 553 2525 Omnino
590 2500 705 2525 autem
742 2490 868 2526 absona
904 2490 982 2537 opi-

278 2540 340 2577 nio
377 2539 559 2590 Menagii‚
597 2540 765 2577 trahentis
805 2541 893 2577 hanc
921 2554 1009 2577 νυ·-

569 210 933 256 DISSERTATJO
964 210 1481 255 TRJGESIMATAERTJA
1491 223 1502 256 ἔ

441 271 660 310 Monofinius
688 271 776 319 apud
805 273 982 308 morenti-
1015 274 1049 308 A

1058 2517 1063 2579 ῑ

1088 2181 1222 2226 (ἶαζζα.
1258 2179 1336 2213 Pica
1371 2178 1470 2215 avis.

1706 218 1788 258 822

1141 283 1214 306 cem
1244 284 1262 306 a
1289 270 1408 315 Tursus
1435 271 1592 311 Latino,
1629 273 1684 308 seu
1713 276 1848 309 Graeco

1139 321 1300 368 Tbyrsus,
1328 320 1394 356 hoc
1416 321 1538 369 pafilo:
1561 323 1731 367 Tursolus‚
1751 324 1848 357 Ciur-

1133 371 1246 417 solus,
1273 371 1431 416 Ciursoh,
1469 372 1630 415 Giarsolo,
1657 373 1818 416 Giarsuolo
1836 401 1847 418 ‚

1140 423 1320 468 Garzuolo.
1358 421 1558 457 Somnianti
1590 421 1760 457 duntaxat
1786 437 1847 459 ex-

1141 472 1254 508 cidere
1274 472 1356 508 haec
1376 473 1531 520 poffunt.
1549 474 1728 508 Praeterea
1743 474 1849 514 Thyr-

1134 523 1190 567 sus
1217 536 1235 558 a
1263 524 1420 568 Gar-<uolo
1447 522 1618 558 diversam
1645 536 1715 558 rem
1745 522 1850 570 figni-

1142 572 1242 608 ficat.
1272 575 1406 609 Interea
1434 572 1646 622 perpendant
1682 573 1852 618 Eruditi,

1141 636 1225 658 num
1254 625 1413 669 Garquolo
1441 623 1594 671 potuerit
1623 624 1785 671 prodiisse
1806 637 1850 660 ex

1142 674 1359 709 diminutivo
1380 676 1523 718 Cardui,
1551 673 1634 710 idest
1654 675 1852 710 Carduolus.

1144 723 1258 760 Nobis
1299 724 1336 759 in
1382 724 1597 760 Lombardia
1643 724 1850 773 degentibus

1141 776 1288 809 Carduus
1307 775 1473 821 sylvestris
1500 776 1694 823 appellatur
1721 779 1850 820 Gurza,

1143 828 1264 870 ngzo
1282 853 1291 866 ,
1319 829 1506 872 Sgarzone,
1545 825 1596 860 uti
1625 825 1715 861 infra
1743 826 1853 861 adno-

1143 875 1226 910 tabo
1264 875 1304 910 ad
1344 889 1466 911 vocem
1502 875 1723 921 Scurduffare.
1766 877 1852 911 Inde

1143 925 1294 961 dicimus
1336 929 1494 973 Sgarzare
1534 927 1559 960 il
1597 937 1724 970 panno,
1768 927 1853 961 idest

1137 976 1346 1021 sylvestribus
1383 976 1507 1012 carduis
1544 987 1665 1023 pannos
1706 977 1852 1021 pavere.

1143 1025 1279 1061 Similis
1316 1026 1360 1062 est
1395 1026 1420 1060 il
1459 1028 1617 1072 Garquolo
1653 1026 1689 1062 in
1729 1026 1853 1071 Rofis,

1141 1076 1417 1123 Caryophillis‚
1469 1077 1616 1124 aliisque
1670 1075 1813 1112 floribus
1841 1104 1852 1120 ,

1142 1124 1271 1171 exiguo
1298 1128 1424 1160 Carduo
1453 1126 1589 1170 sativo,
1627 1127 1683 1162 cui
1712 1128 1854 1170 Carciof-

1135 1173 1196 1222 fo,
1224 1173 1281 1210 seu
1308 1175 1483 1210 Articiocco
1510 1189 1637 1211 nomen
1666 1176 1824 1212 dedimus
1843 1204 1853 1213 .

1141 1225 1198 1260 Ac
1227 1224 1372 1272 proinde
1400 1226 1600 1268 Carduolus,
1628 1227 1787 1271 Garzuolo
1814 1240 1855 1262 ea

1142 1288 1218 1322 pars
1253 1274 1378 1311 florum
1417 1285 1521 1323 atque
1558 1275 1742 1312 herbarum
1782 1275 1856 1312 for-

1141 1324 1233 1359 taffis
1275 1327 1449 1372 appellata
1500 1325 1641 1362 fuerit.
1687 1326 1751 1361 Sed
1793 1340 1855 1363 cur

1141 1375 1300 1418 Gar-<uolo
1354 1384 1573 1423 nuncupetur
1622 1389 1698 1423 pars
1744 1376 1854 1413 etiam

1142 1423 1309 1459 subtilior
1336 1424 1447 1468 Lini,
1483 1426 1515 1460 δε
1557 1426 1735 1461 Cannabis
1774 1441 1856 1475 pur-

1141 1483 1242 1523 gata,
1280 1483 1384 1522 atque
1419 1475 1457 1510 in
1494 1475 1653 1512 modicos
1691 1478 1854 1525 manipu-

1141 1526 1193 1560 los
1235 1538 1253 1559 a
1295 1525 1587 1565 carminatoribus
1636 1527 1816 1563 commeta
1841 1555 1853 1572 ,

1140 1575 1293 1610 nondum
1325 1574 1614 1622 conjeffluravulla
1639 1577 1765 1624 affe-qui
1788 1591 1851 1624 po-

1140 1625 1216 1673 tui3
1246 1624 1308 1659 nifi
1336 1624 1425 1660 forte
1453 1625 1534 1661 inde
1561 1639 1689 1661 nomen
1719 1626 1847 1663 sumse-

1141 1675 1210 1717 rit,
1249 1675 1341 1722 quod
1379 1685 1418 1711 ut
1454 1677 1612 1720 Garzuolo
1639 1676 1675 1711 in
1707 1676 1852 1714 floribus

1140 1727 1173 1760 8<
1215 1725 1331 1760 herbis
1368 1739 1443 1773 pars
1481 1726 1694 1770 delicatior,
1740 1726 1852 1763 subti-

1141 1776 1231 1815 lior,
1259 1777 1292 1811 ἃ
1323 1776 1436 1811 media
1465 1776 1530 1821 est,
1558 1777 1608 1813 ita
1638 1776 1732 1813 &in
1756 1780 1852 1814 Can-

1141 1827 1229 1862 nabe
1270 1840 1309 1861 ac
1349 1826 1445 1863 Lino
1489 1826 1529 1862 fit
1568 1840 1643 1875 pars
1684 1827 1773 1871 illa,
1810 1830 1852 1865 de

1140 1890 1207 1924 qua
1237 1876 1373 1912 Plinius
1401 1877 1483 1913 Lib.
1516 1889 1572 1925 19.
1600 1879 1688 1926 Cap.
1715 1891 1750 1926 9.
1776 1879 1849 1915 ait:

1140 1929 1336 1974 Improbatur
1381 1928 1485 1962 cortici
1535 1928 1707 1973 proximum
1732 1953 1742 1969 ‚
1793 1939 1851 1965 aut

1140 1978 1317 2013 medullae.
1358 1977 1622 2023 Laudattffi'mum
1658 1978 1700 2022 est
1735 1993 1751 2013 e
1785 1994 1851 2014 me-

1138 2029 1191 2063 dio
1214 2053 1225 2068 ‚
1277 2041 1354 2074 quae
1395 2029 1476 2072 mesa
1519 2029 1637 2063 dicitur
1660 2055 1668 2064 .

1139 2078 1222 2114 haec
1262 2078 1373 2114 adhuc
1413 2077 1518 2114 dubia
1559 2078 1650 2115 mihi

1139 2128 1354 2165 tenebricosa
1371 2155 1379 2163 .

1717 2032 1850 2066 Verum

1695 2079 1774 2115 sunt
1811 2093 1850 2116 ac

1507 2178 1566 2214 Ab
1593 2180 1732 2216 Acaceia
1767 2183 1851 2218 Me-

1138 2229 1261 2278 nagius
1299 2229 1483 2265 contendit
1519 2243 1647 2266 nomen
1684 2231 1750 2267 hoc
1786 2245 1850 2268 na-

1140 2289 1237 2316 tum.
1265 2279 1329 2315 Sed
1359 2279 1452 2329 prius
1480 2280 1724 2317 ostendendum
1754 2282 1785 2318 ei
1813 2297 1850 2317 e-

1141 2339 1194 2367 rat
1219 2355 1230 2370 ,
1271 2329 1349 2378 quis
1390 2344 1541 2378 unquam
1582 2341 1738 2368 veterum
1781 2332 1847 2368 hoc

1141 2380 1285 2417 nomine
1311 2381 1421 2415 Picum
1447 2381 1612 2417 donarit.
1650 2382 1746 2418 Mihi
1776 2396 1850 2418 cre-

1141 2432 1266 2471 ditur,
1310 2431 1500 2480 proceffiffe
1535 2445 1658 2468 vocem
1695 2446 1738 2468 ex
1776 2432 1847 2481 ipsa

1140 2485 1219 2518 Pica
1236 2507 1247 2522 ,
1299 2482 1402 2530 quam
1454 2482 1597 2528 Picazza
1617 2510 1628 2527 ‚
1671 2485 1846 2530 &gog-za,

1129 2534 1297 2581 Majores
1339 2531 1443 2567 nostri
1486 2545 1683 2582 nuncupare
1725 2546 1847 2581 coepe-

1236 2590 1262 2621 F
1290 2587 1308 2622 f
1329 2586 1348 2620 f
1396 2598 1416 2622 2
1697 2587 1797 2633 rint,
