2169 3047
393 228 472 269 303
683 212 723 254 A
742 212 783 255 N
799 211 838 253 Τ
852 212 874 253 1
889 211 1028 269 QUJ
1042 211 1090 253 T

329 274 440 306 Pabli
429 287 462 306 ca
489 284 507 306 a
534 273 610 306 Sacc
600 271 753 306 ularibus
779 271 943 319 distinoui
965 271 1086 306 viden-

319 321 411 357 tur?
442 324 508 357 Res
536 322 625 357 mihi
654 323 816 358 obscura.
854 324 927 357 Vix
971 332 1085 357 autem

329 371 453 417 fallar,
482 372 503 407 fi
525 373 668 412 dixero,
697 373 776 409 ideo
797 372 995 408 universum
1021 375 1085 407 Po-

330 424 453 471 pulum
484 423 524 458 ad
553 424 726 472 generalia
747 425 809 459 illa
835 423 967 459 Placita
990 423 1087 459 fuisse

331 484 594 517 convocatum,
622 474 714 521 quod
743 473 794 509 ibi
821 475 903 510 lites
930 475 963 509 δε
993 474 1086 510 caus-

328 523 383 559 sae
411 523 620 571 singulorum
650 524 833 560 hominum
855 524 1088 573 agnoscendae

329 587 370 610 ac
397 574 611 609 dirimendae
640 573 779 618 forent,
806 575 839 609 &
870 575 1009 611 brevior
1031 575 1088 610 via

327 624 402 659 visa
431 624 536 660 fuerit
564 637 756 660 convocare
783 633 896 660 totam
925 635 1088 673 gentem,

332 684 373 710 ut
401 674 616 710 adversarios
645 675 721 710 suos
749 675 785 710 in
816 686 954 720 promtu
985 676 1088 711 habe-

329 735 410 766 ret,
438 725 594 773 quisquis
624 737 743 760 contra
785 726 868 761 illos
910 726 1089 762 instituere
1123 722 1150 756 Β

328 775 506 811 astionem
535 776 662 811 vellet.
708 778 828 821 Quum
868 780 951 813 vero
991 776 1088 825 saepe

329 826 508 862 accusatus
535 826 761 875 exceptiones
789 836 1007 875 opponeret,
1049 841 1087 863 ac

329 889 465 912 moram
496 887 627 919 peteret
655 877 695 912 ad
734 878 901 925 parandas
940 878 1088 914 Chartas

327 937 393 963 aut
420 927 544 970 testes
572 927 601 963 is
629 927 733 963 fidem
760 926 855 964 suam
885 929 1087 978 obligabat,

328 977 444 1014 immo
470 979 503 1013 δε
533 978 732 1014 cautionem
770 992 808 1014 ac
850 979 1087 1027 jusjurandum

323 1028 476 1064 addebat
503 1028 544 1064 de
572 1028 711 1064 sistendo
739 1028 771 1064 se
798 1030 900 1065 alteri
929 1030 1088 1076 proxime

327 1088 480 1114 venturo
511 1079 667 1114 Placito.
697 1081 794 1114 Haec
817 1079 885 1114 fuit
909 1080 1084 1128 Major-um

327 1129 520 1164 nostrorum
551 1129 734 1164 methodus
755 1130 791 1164 in
813 1131 981 1173 Judiciis,
1009 1131 1087 1165 lon-

327 1192 372 1228 ge
413 1179 613 1227 expeditior
654 1179 758 1222 sane,
801 1181 905 1227 quam
949 1190 1110 1216 aeterna¹

329 1240 436 1277 atque
463 1230 692 1266 interminata
721 1229 913 1266 nostrorum
950 1240 1085 1278 tempo-

328 1293 428 1316 rum.
457 1282 580 1327 Neque
608 1283 744 1316 tantum
786 1283 981 1317 Saeculares
1016 1281 1085 1317 viri

330 1331 538 1379 jubebantur
565 1331 722 1366 interesse
753 1330 918 1372 Placitis,
948 1332 1085 1378 quoties

328 1383 422 1427 Miffi
453 1382 548 1428 Regii
585 1382 771 1416 veniebant
807 1382 848 1417 ad
889 1381 1081 1417 ministran-

329 1432 408 1467 dam
440 1433 574 1477 Populo
603 1432 791 1479 justitiam,
822 1432 874 1467 sed
904 1431 940 1468 ὅ(
964 1434 1079 1468 Eccle-

328 1482 449 1518 fiastici
480 1482 570 1517 viri.
604 1482 737 1529 Accipe
767 1485 895 1530 Legem
927 1487 983 1530 83.
1015 1486 1080 1519 Lo-

328 1533 435 1568 tharii
467 1535 492 1568 1.
521 1533 614 1567 inter
641 1533 949 1580 Langobardzcas‚
993 1535 1083 1568 Part.

327 1585 377 1618 11.
390 1582 499 1618 Tomi
520 1584 543 1617 Ι.
568 1585 644 1617 Rer.
659 1583 881 1618 Italicar.ubi
903 1583 1081 1618 statuitur:

328 1637 371 1668 Ue
397 1646 497 1667 omnes
525 1633 674 1679 Episcopi
700 1633 745 1671 εὖ)
781 1634 929 1668 Λύὧατεε
957 1635 1000 1667 Θ)
1026 1637 1081 1668 Co-

326 1683 448 1727 mites,
489 1685 613 1727 excepta?
653 1682 841 1727 infirmitate
890 1685 945 1718 vel
985 1684 1086 1726 nostrii

321 1734 476 1780 jufflone,
518 1734 639 1767 nullam
674 1735 809 1767 habeant
844 1734 1084 1778 excusatt'onem,

326 1784 402 1831 quiri
429 1784 473 1818 ad
500 1784 626 1818 Placita
654 1783 819 1827 Mxfforum
840 1785 1006 1827 nostrorum
1028 1799 1083 1819 ve-

326 1835 442 1877 niant,
478 1843 536 1868 aut
571 1835 664 1868 talem
704 1834 861 1868 Vicart'um
891 1835 984 1879 suum
1011 1837 1080 1867 mit-

326 1895 421 1923 tant,
448 1885 504 1930 qui
530 1883 564 1918 in
591 1884 674 1917 omni
701 1882 803 1929 cauffd
840 1895 896 1930 pro
939 1885 1006 1918 illis
1033 1898 1083 1919 rcr-

325 1935 441 1968 tionem
476 1935 602 1968 reddere
625 1934 750 1980 poffit.
798 1934 941 1969 Scilicet
982 1943 1020 1969 ut
1062 1934 1082 1969 s1

329 1984 409 2032 quis
447 1984 610 2020 adversus
645 1985 729 2020 illos
770 1986 946 2032 querelam
987 1984 1083 2020 insti-

325 2044 423 2071 tuere
446 2036 575 2078 vellet‚
603 2048 621 2070 e
643 2034 787 2083 vestigio
810 2034 987 2083 utriusque
1008 2048 1083 2092 par—

326 2085 374 2121 tis
415 2085 490 2134 jura
530 2095 795 2122 excuterentur.
837 2088 962 2143 Neque
989 2085 1081 2121 enim

324 2143 409 2171 tunc
449 2135 488 2172 in
530 2135 697 2171 civilibus
748 2135 868 2171 cauffis
910 2136 1083 2171 immunes

325 2194 424 2221 erant
451 2198 470 2220 a
507 2185 683 2220 saeculari
712 2186 846 2233 judicio
883 2186 975 2221 Sacri
1019 2185 1082 2220 Vi-

324 2235 377 2271 ri.
407 2237 510 2271 Nunc
539 2235 618 2270 aliis
647 2236 803 2271 moribus
831 2236 867 2271 in
898 2236 1001 2271 Italia
1030 2236 1083 2271 vi-

324 2285 462 2321 vimus.
492 2285 661 2322 Ceterum
691 2285 834 2321 honoris
859 2286 965 2321 etiam
989 2286 1081 2321 caus—

323 2336 380 2379 sa,
407 2349 516 2386 quum
546 2337 679 2373 Placita
707 2350 727 2372 a
753 2336 868 2375 Miffis
892 2338 1081 2386 Regalibus

1144 208 1380 253 MEDIJ
1431 211 1605 255 AEVJ

1123 270 1156 304 A
1198 268 1446 327 habebantur,
1489 271 1648 307 interesse
1700 271 1955 311 consueverunt

1815 230 1899 271 304

1198 320 1409 370 quicumque
1437 322 1624 370 Episcopi,
1662 324 1887 360 Marchiones
1916 327 1950 361 δε

1197 369 1360 408 Comites
1387 374 1532 409 alterius
1568 372 1745 409 Civitatis
1787 388 1825 411 ac
1868 378 1954 411 Pro-

1198 422 1334 458 vinciae
1362 424 1524 459 aderant.
1568 426 1608 459 In
1650 424 1836 461 Comitum
1865 439 1955 474 quo-

1196 485 1262 520 que
1291 474 1437 509 Placitis
1464 473 1604 510 affidere
1631 475 1806 511 interdum
1834 476 1955 524 depie-

1197 523 1394 559 henduntur
1436 524 1630 571 Episcopi,
1682 527 1864 566 volentes,
1916 536 1956 563 ut

1197 584 1304 620 puto,
1331 587 1402 609 non
1431 578 1513 610 vero
1541 574 1675 610 coaffi.
1704 576 1758 611 Ibi
1787 576 1952 613 Comites

1196 623 1378 672 Episcopis
1406 623 1474 659 fine
1502 625 1734 660 controversia
1773 627 1954 673 praecede-

1197 674 1304 709 bant.
1346 677 1470 722 Neque
1512 677 1650 711 tantum
1691 676 1790 712 Miffi
1819 677 1954 726 Regii,

1196 724 1442 767 Marchiones‚
1471 726 1655 770 Comites,
1683 726 1815 775 aliique
1836 729 1954 764 mino-

1194 788 1244 810 res
1271 775 1409 818 ]udices
1437 775 1474 811 in
1507 777 1630 812 Mallis
1657 778 1691 811 8<
1722 777 1869 814 Placitis
1896 779 1954 827 ju-

1194 825 1320 861 stitiam
1352 825 1618 875 ministrabant3
1649 826 1702 862 sed
1726 841 1768 863 ne
1788 828 1850 876 ipsi
1872 829 1954 877 qui-

1194 876 1270 911 dem
1303 879 1410 925 Reges
1437 876 1715 924 dedignabantur
1745 879 1870 926 Populi
1902 879 1954 915 sui

1194 927 1440 963 contentiones
1468 927 1608 968 audire,
1636 928 1670 961 ὅ(
1700 940 1767 963 una
1794 941 1871 963 cum
1894 931 1955 972 Ju-

1194 976 1332 1013 dicibus
1358 990 1398 1013 ac
1428 976 1644 1013 Primoribus
1673 979 1787 1013 Aulae
1807 978 1956 1014 residen-

1194 1027 1289 1062 tibus
1308 1055 1318 1069 ,
1348 1027 1570 1076 litigantium
1600 1027 1753 1063 rationes
1781 1030 1955 1075 expende-

1194 1090 1252 1121 re,
1296 1076 1334 1112 &
1363 1091 1450 1124 quae
1478 1077 1625 1125 aequior
1653 1079 1789 1114 cunStis
1819 1080 1954 1115 videre-

1195 1136 1277 1166 tur,
1307 1127 1514 1163 sententiam
1541 1141 1766 1173 expromere.
1795 1130 1954 1165 Clariffi-

1195 1190 1270 1212 mus
1298 1177 1534 1213 Mabillonius
1562 1178 1643 1214 Lib.
1668 1182 1702 1215 ὀ.
1732 1179 1796 1215 Rei
1828 1181 1955 1227 Diplo-

1195 1227 1365 1268 maticae‚
1405 1229 1576 1264 nonnulla
1618 1229 1729 1264 adfert
1773 1230 1905 1266 Placita
1933 1244 1953 1266 a

1195 1278 1378 1314 Clodoveo
1419 1281 1483 1314 ΙΙΙ.
1522 1277 1757 1315 Childeberto
1811 1282 1874 1316 111.
1917 1282 1952 1316 ὅ(

1195 1328 1400 1377 Chilperico
1437 1331 1502 1366 111.
1541 1332 1753 1366 Francorum
1797 1331 1952 1380 Regibus

1195 1380 1389 1415 celebrata.
1427 1380 1514 1416 Alia
1555 1379 1693 1428 insuper
1728 1380 1821 1416 idem
1850 1384 1952 1417 evul-

1194 1429 1294 1476 gavit
1320 1429 1439 1464 habita
1467 1444 1485 1465 a
1515 1430 1688 1477 Pippino‚
1716 1440 1790 1466 tum
1813 1432 1952 1478 quando

1195 1479 1369 1525 Maiorem
1400 1482 1534 1515 Domus
1562 1480 1711 1528 agebat,
1739 1488 1813 1516 tum
1843 1482 1952 1517 etiam

1196 1528 1369 1577 postquam
1415 1532 1489 1565 Rex
1533 1533 1744 1565 Francorum
1784 1531 1949 1567 inunfius

1193 1579 1286 1615 fuit.
1332 1582 1455 1628 Neque
1484 1580 1576 1616 secus
1604 1581 1706 1629 egisse
1733 1580 1953 1629 dignoscitur

1193 1630 1265 1678 ejus
1307 1629 1402 1666 filius
1445 1630 1704 1680 gloriosissimus
1757 1633 1953 1678 Imperator

1193 1681 1340 1716 Carolus
1389 1682 1541 1729 Magnus
1559 1708 1568 1717 .
1621 1681 1763 1729 Reliqui
1808 1682 1952 1719 subinde

1193 1733 1405 1766 Francorum
1449 1734 1559 1779 Reges
1599 1732 1670 1766 non
1716 1741 1786 1766 tam
1817 1732 1951 1768 soliciti

1192 1779 1290 1815 fuisse
1334 1780 1498 1816 videntur
1538 1780 1579 1815 ad
1618 1780 1823 1828 praebendas
1852 1795 1950 1818 aures

1192 1830 1478 1866 contendentium
1516 1831 1686 1877 querelis.
1738 1833 1867 1867 Verum
1912 1832 1950 1868 in

1193 1881 1294 1916 Italia
1323 1894 1397 1915 mos
1425 1880 1483 1915 iste
1510 1881 1570 1916 diu
1609 1881 1835 1927 perduravit,
1877 1885 1947 1918 Re-

1189 1931 1313 1980 gesque
1332 1944 1371 1966 ac
1393 1933 1620 1979 Imperatores
1641 1932 1858 1980 generalibus
1880 1933 1946 1968 sal-

1189 1992 1259 2017 tem
1291 1982 1461 2021 Placids,
1511 1995 1580 2017 non
1622 1996 1699 2017 raro
1727 1983 1947 2023 intererant,

1187 2045 1397 2087 operamque
1425 2033 1552 2067 dabant
1580 2033 1830 2075 componendis
1871 2034 1948 2069 suae

1187 2081 1302 2132 gentis
1331 2082 1594 2118 controversiis.
1637 2085 1849 2131 Exemplum
1890 2098 1948 2119 ac-

1188 2133 1297 2181 cipiat
1324 2133 1454 2169 1.,εᾶοτ
1481 2147 1523 2169 ex
1571 2133 1706 2168 Placito
1743 2133 1779 2168 in
1809 2133 1945 2169 senensi

1187 2184 1349 2219 Civitate
1377 2184 1498 2219 habito
1526 2197 1544 2218 a
1572 2185 1704 2218 Carolo
1731 2185 1849 2219 Crasso
1876 2187 1947 2220 lm-

1187 2243 1364 2282 peratore‚
1402 2234 1493 2283 quod
1531 2234 1618 2269 olim
1657 2248 1698 2269 ex
1728 2235 1942 2283 autographo

1185 2284 1341 2332 descripsi
1384 2284 1559 2320 exsistente
1602 2285 1640 2320 in
1679 2286 1940 2322 canonicorum

1185 2335 1433 2372 Arretinorum
1461 2335 1648 2373 Archivo0

1812 2588 1890 2624 Pla-
