2169 3047
360 190 442 241 839

351 244 529 282 &ionario
571 246 699 283 veteris
740 249 935 284 Islandicae
974 248 1062 284 Lin-

351 309 438 345 guae
466 300 560 343 Gagn
587 298 677 347 apud
707 299 862 335 Islandos
889 298 1060 348 fignifica—

352 348 413 383 bat
441 348 641 383 Utilitatem.
679 349 833 385 Go·hica
864 354 945 386 νειὸ
973 351 1061 386 Lin-

349 410 417 446 gua
457 399 624 445 Gageigcm
665 401 862 448 appellabat
903 401 1060 437 Lucrari.

348 450 436 484 Inde
466 451 658 498 Anglicum
688 452 772 486 Gai„
788 466 808 494 ;
844 453 876 487 &
918 451 1057 487 Franci-

350 512 390 535 ca
428 502 514 534 Gain
551 498 587 534 &
626 504 786 546 Gagner;
827 502 1058 550 Hispanicum

349 553 482 592 Ganar,
520 550 613 596 quod
649 552 682 585 8<
721 551 757 586 in
786 551 917 587 Charta
948 554 1059 588 Acrae

348 601 567 635 MxxVIH.
596 601 683 647 apud
726 603 838 649 Yepez
875 603 1057 651 occurrit3

349 651 384 685 δε
423 650 572 685 nostrum
610 652 811 697 Guadagno.
849 653 1058 689 Germanica

349 713 489 748 quoque
531 701 668 749 Lingua
706 701 819 738 servat
855 703 966 739 adhuc
997 708 1054 737 Ge-

347 753 474 789 winn,
516 752 609 798 quod
651 752 787 788 accedit
827 754 868 788 ad
911 754 1057 789 aliarum

346 801 566 848 Linguarum
599 815 721 838 voces.
749 804 942 849 Quomodo
970 804 1057 839 illud

347 854 394 886 D.
422 855 458 886 in
487 853 650 888 Italicum
679 856 857 901 Guadagno
885 854 917 891 se
944 854 1057 891 intru-

349 900 432 936 serit
449 929 459 945 ‚
487 902 634 938 difficile
663 903 843 954 intelligas
859 932 868 942 .

300 953 430 988 Guado.
469 953 562 988 Isaris
597 956 832 992 Graecorum.
871 957 990 993 Herba
1019 955 1059 991 ad

349 1002 536 1050 tingendos
578 1018 710 1053 pannos
747 1008 865 1043 colore
901 1008 1060 1043 caeruleo

350 1053 510 1089 adhibita
535 1080 544 1090 .
587 1059 620 1090 A
659 1056 870 1093 Latinorum
910 1058 1060 1100 Guastum

350 1104 542 1151 proceffiffe
577 1107 749 1154 Menagio
786 1108 964 1146 creditur,
1001 1121 1061 1143 cu—

350 1154 404 1203 jus
433 1154 569 1189 mentio
597 1156 642 1190 est
670 1156 759 1203 apud
791 1157 947 1192 Plinium
978 1158 1060 1194 Lib.

351 1216 410 1239 22.
437 1206 525 1252 Cap.
554 1205 690 1253 primo,
728 1217 832 1253 prout
859 1208 1062 1244 emendavit

350 1254 534 1290 Salmasius
584 1255 622 1290 in
670 1257 828 1292 Solinurn
872 1260 959 1304 Cap.
1003 1271 1061 1294 22.

351 1317 422 1339 non
451 1308 533 1339 vero
560 1305 725 1346 Glastum,
764 1317 802 1341 ut
830 1308 958 1342 habent
987 1309 1062 1343 edi·

351 1354 402 1389 ti.
446 1355 498 1389 At
538 1354 694 1389 Salmafii
732 1355 914 1391 licentiam
953 1356 991 1392 in
1027 1370 1062 1392 e-

349 1403 555 1439 mendandis
598 1403 795 1441 Codicibus
842 1420 946 1443 nemo
991 1420 1061 1442 non

350 1454 476 1491 novit.
503 1454 609 1501 Quod
640 1455 728 1491 mihi
757 1457 832 1492 veri
861 1458 1002 1493 videtur
1022 1457 1060 1493 fi-

352 1505 504 1550 milius,
541 1519 561 1541 a
588 1506 792 1542 Teutonico
829 1511 957 1552 Wunl,
994 1507 1063 1545 five

352 1556 474 1599 Wmli,
512 1555 565 1591 uti
594 1558 781 1604 Cramerus
818 1558 934 1607 legit,
971 1558 1061 1595 Lin-

351 1618 438 1654 guae
478 1604 577 1641 illius
619 1619 727 1647 voce,
765 1621 828 1644 nos
864 1609 1062 1654 accepimus

351 1658 484 1691 Guado.
523 1658 647 1705 Neque
675 1671 693 1693 e
720 1660 872 1701 Guastum
900 1660 1062 1696 efforma-

351 1718 428 1742 tum
458 1720 611 1755 unquam
650 1707 765 1744 fuisset
794 1710 944 1746 nostrum
973 1714 1062 1746 Gua-

350 1759 412 1797 do,
440 1757 496 1793 sed
517 1758 657 1805 quidem
680 1760 814 1802 Guallo.
840 1761 955 1796 Gallis
977 1775 1064 1809 quo·

352 1821 418 1855 que
446 1808 491 1844 est
526 1812 633 1844 Guede
659 1811 693 1845 &
722 1812 863 1855 Guesde,
901 1812 995 1847 idem
1024 1812 1063 1848 fi·

353 1857 523 1915 gnificans
541 1887 552 1905 ,
589 1861 623 1896 &
651 1874 694 1897 ex
722 1861 844 1898 eodem
873 1861 971 1899 fonte
1004 1863 1063 1899 de-

353 1919 530 1946 rivaturn.

304 1960 467 1995 Gualcire.
498 1961 589 1998 Vide
618 1962 715 2012 supra
735 1963 773 2000 in
800 1963 865 2001 hac
890 1964 963 2014 ipsa
983 1965 1061 2001 Dis-

356 2008 542 2048 sertatione
558 2039 567 2047 .

303 2061 471 2097 Guancia.
508 2066 616 2097 Gena.
654 2064 830 2102 Ferrarius
866 2068 899 2102 ἃ
937 2069 1089 2105 Mena-:

352 2111 452 2159 gius,
489 2113 615 2160 quibus
659 2112 811 2150 solemne
847 2126 947 2159 erat,
985 2117 1060 2151 ubi-

353 2174 503 2208 cumque
531 2173 718 2205 poterant,
756 2165 959 2201 Italicarum
998 2179 1061 2201 vo-

353 2223 431 2245 tum
460 2211 636 2259 originem
673 2214 711 2249 in
750 2215 881 2250 Latina
899 2244 908 2259 ‚
936 2226 995 2252 aut
1023 2217 1059 2252 in

352 2263 484 2297 Graeca
513 2262 654 2310 Lingua
681 2264 874 2306 expiscari,
914 2280 951 2301 ac
980 2267 1060 2303 inde

355 2312 525 2348 adhibitis
553 2313 660 2348 etiam
699 2314 836 2351 chordis
864 2317 896 2351 &
926 2318 1059 2354 machi-

354 2363 409 2398 nis
437 2363 591 2399 trahere:
622 2364 684 2400 ille
721 2379 739 2400 a
777 2366 908 2402 Latino
944 2371 1059 2413 Genu,

354 2424 414 2459 hic
451 2438 469 2460 a
505 2426 640 2460 Graeco
666 2414 848 2469 Γιόἱθός,
894 2427 1058 2463 Italicum

354 2477 498 2510 Gucmcia
534 2474 694 2511 hausere.
732 2476 793 2509 Sed
841 2476 877 2512 in
916 2480 1057 2522 Septen-

351 2525 492 2575 trione,
517 2539 589 2565 non
616 2525 654 2563 in
681 2527 854 2568 Oriente,
883 2541 993 2578 neque
1020 2528 1058 2567 in

700 189 1076 247 ANTJQUIT.
1115 189 1330 234 MEDH
1364 190 1526 234 AEVI

1091 251 1128 286 A

1099 706 1127 739 B

1091 1154 1125 1192 C

1784 196 1869 248 840

1217 248 1432 296 Occidente,
1468 260 1544 287 tum
1582 251 1672 287 aliae
1698 251 1831 287 multae
1859 263 1920 287 vo—

1216 313 1292 340 ces,
1320 311 1396 337 tum
1425 302 1485 338 ista
1514 302 1591 338 sane
1611 302 1806 350 quaerenda
1828 309 1925 337 erat.

1216 350 1329 393 Ipsum
1373 356 1443 390 GU.
1490 353 1582 402 quod
1635 354 1840 402 plerumque
1879 365 1923 388 ex

1215 403 1426 439 Germanico
1464 407 1514 438 W.
1553 404 1590 439 in
1629 404 1768 440 Italiam
1800 402 1926 442 venite

1214 451 1259 488 iis
1295 454 1401 489 index
1439 453 1612 489 sufficiens
1654 455 1718 490 effe
1761 463 1925 503 poterat·

1214 503 1270 538 Est
1297 517 1380 553 ergo
1418 504 1568 538 nostrum
1605 505 1750 538 Guancia
1786 507 1923 540 Teuto-

1214 554 1334 589 nicum
1373 566 1497 600 purum
1537 556 1691 598 Wange,
1728 555 1785 588 vel
1823 558 1926 588 Wan-

1210 618 1271 649 gen
1294 631 1303 646 ,
1345 603 1437 651 quod
1477 603 1600 638 Italice
1636 604 1827 648 expressum
1867 604 1926 639 dat

1216 654 1382 695 (Mancia,
1411 655 1500 689 unde
1529 654 1791 689 efformavimus
1814 657 1927 689 Guan-

1215 706 1314 743 ciale,
1344 706 1526 745 pulvinar,
1554 703 1592 741 ὅ(
1620 706 1828 749 Guanciaea,
1864 708 1928 740 Ca-

1214 756 1328 799 laplms
1358 757 1424 790 (ἵε.
1558 782 1565 788 ,

1163 807 1343 841 Οιιανιίὶαε.
1383 806 1559 840 Excubiae.
1595 805 1765 842 Custodes
1801 819 1927 855 corpo-

1213 856 1281 891 ris.
1308 857 1340 891 Si
1368 856 1648 892 Eruditiffimum
1677 857 1926 893 Marchionem

1214 906 1398 954 Maffejum
1428 907 1464 942 in
1503 908 1645 956 egregio
1672 910 1785 956 Opere
1816 910 1927 942 Vero-

1213 970 1276 992 nae
1307 957 1499 993 Illustratae
1532 959 1614 993 Lib.
1645 960 1704 993 XI.
1736 971 1812 1007 pag.
1841 969 1925 1006 315.

1213 1007 1397 1051 audimus,
1439 1008 1631 1048 falluntur,
1668 1009 1728 1056 qui
1767 1023 1808 1044 ex
1839 1012 1929 1044 Ger-

1213 1059 1351 1093 manica
1381 1060 1519 1107 Lingua
1550 1073 1672 1095 vocem
1704 1060 1789 1095 hanc
1819 1058 1928 1095 arces-

1213 1106 1311 1142 sunt.
1340 1110 1432 1144 Nam
1462 1109 1580 1155 inquit
1610 1110 1693 1144 ille:
1728 1110 1775 1143 ivel
1801 1109 1884 1155 paffo
1910 1110 1928 1144 ἒ

1212 1158 1246 1192 in
1274 1159 1441 1199 Plutarco,
1469 1160 1526 1193 dal
1558 1160 1649 1202 quale
1683 1160 1810 1203 poffiam
1841 1173 1930 1194 cono-

1205 1210 1309 1252 scere,
1339 1210 1387 1243 tal
1421 1222 1494 1244 voce
1520 1207 1608 1253 effere
1639 1208 1726 1249 stata
1763 1212 1796 1243 in
1824 1214 1930 1244 Roma

1203 1257 1258 1302 fin
1295 1258 1462 1302 da'tempi
1498 1260 1533 1293 di
1572 1260 1711 1300 Mario;
1746 1260 1929 1301 narrandofi

1213 1311 1257 1341 da
1291 1307 1548 1353 quw-Amore,
1584 1321 1662 1341 come
1699 1310 1809 1342 Mario
1835 1309 1930 1344 s'era

1210 1356 1295 1399 fatto
1336 1356 1716 1404 un'accompagnamenro
1759 1359 1795 1393 di
1835 1360 1933 1394 Serv-⁰

1213 1407 1332 1451 astuti,
1360 1406 1390 1442 α’
1408 1409 1498 1454 quali
1524 1412 1612 1442 (lava
1642 1408 1705 1453 egli
1732 1409 1756 1441 il
1783 1423 1869 1444 nome
1893 1411 1931 1446 di

1215 1458 1330 1492 Vardie
1353 1471 1369 1492 .·
1412 1460 1471 1493 eos)
1504 1469 1595 1505 porta
1636 1459 1662 1493 il
1699 1459 1770 1500 tello
1807 1463 1927 1498 Greco.

1214 1518 1269 1552 En
1311 1527 1447 1553 textum
1477 1517 1611 1563 ipsum:
1648 1511 1855 1562 Aepuoeo‘p35
1896 1511 1930 1555 ἔ-

1216 1586 1296 1624 χων
1327 1571 1510 1625 λογάδας
1538 1571 1574 1612 ἐκ
1604 1573 1674 1611 τῶν
1700 1587 1929 1621 προσ-πεφοι-

1214 1628 1381 1674 τηκότων
1433 1629 1590 1683 Binum,
1632 1628 1684 1670 ὂύς
1726 1629 1930 1681 Βαρῧιαιὲς

1215 1686 1500 1741 προτυγδρευενῑ
1543 1693 1651 1743 idest3
1698 1694 1928 1741 circumseptus

1213 1743 1343 1777 delestis
1383 1744 1493 1778 servis
1512 1772 1522 1788 ‚
1566 1746 1620 1789 qui
1659 1745 1694 1788 se
1734 1745 1928 1779 contulerant

1213 1793 1257 1828 ad
1282 1806 1372 1835 eum,
1403 1807 1477 1840 quos
1515 1796 1686 1829 Bardiaeos
1721 1794 1926 1840 appellabat.

1216 1843 1247 1878 Ii
1277 1843 1387 1890 postea
1413 1844 1454 1879 ad
1483 1858 1589 1881 unum
1618 1843 1762 1880 confofli
1791 1858 1808 1880 a
1834 1843 1929 1881 Cin·

1216 1907 1260 1929 na
1280 1895 1313 1929 5<
1335 1894 1490 1929 Sertorio
1511 1894 1670 1931 fuerunt.
1697 1898 1813 1930 Antea
1838 1909 1929 1942 quo-

1217 1958 1284 1992 que
1311 1944 1493 1980 adnotarat
1521 1946 1613 1981 hunc
1642 1947 1759 1981 locum
1786 1946 1928 1983 Voffius

1218 1995 1254 2030 in
1287 1996 1540 2044 Etymologico
1579 1996 1738 2045 Linguae
1777 1998 1928 2034 Latinae

1218 2046 1260 2081 ad
1289 2047 1497 2081 vocabulum
1526 2049 1646 2082 Bardi.
1679 2048 1809 2082 Verhm
1840 2041 1930 2083 Vos-

1219 2095 1265 2131 fio
1308 2109 1483 2138 nunquam
1532 2098 1568 2132 in
1608 2108 1762 2134 mentem
1800 2098 1929 2143 venit,

1218 2146 1300 2182 inde
1339 2148 1429 2190 posse
1466 2148 1587 2184 deduci
1628 2149 1792 2183 Italicum
1824 2152 1929 2184 Guar-

1218 2197 1296 2240 dia,
1323 2196 1360 2233 &
1389 2198 1566 2234 Gallicum
1603 2202 1727 2234 Garde.
1766 2197 1926 2234 Incertis-

1219 2247 1341 2283 fimum
1378 2249 1508 2296 quippe
1544 2249 1610 2288 est,
1640 2263 1700 2285 cur
1737 2249 1833 2285 Servi
1870 2247 1925 2284 illi

1220 2299 1386 2347 appellati
1413 2298 1542 2334 fuerint
1570 2300 1725 2335 Bardaet‘.
1748 2302 1828 2336 Non
1853 2310 1926 2332 cer-

1219 2357 1254 2384 te
1282 2349 1374 2397 quod
1405 2349 1556 2385 facerent
1583 2349 1767 2391 excubias,
1794 2348 1859 2382 five
1887 2355 1928 2385 ut

1219 2413 1310 2435 nunc
1349 2400 1498 2436 dicimus
1535 2402 1568 2436 la
1595 2401 1761 2435 Guardr'a:
1788 2397 1924 2432 nullum

1219 2451 1313 2486 enim
1352 2451 1534 2499 vestigium
1574 2450 1669 2484 vocis
1705 2447 1805 2492 hujus
1837 2447 1927 2485 aoud

1219 2501 1397 2537 Latinos.
1440 2499 1618 2535 Salmasius
1660 2497 1695 2532 in
1742 2497 1846 2532 No‘is
1887 2498 1928 2535 ad

1219 2550 1440 2588 Pertinacem
1475 2547 1698 2598 Capitolini,
1726 2547 1763 2585 δι
1796 2549 1928 2586 Henri-

1820 2612 1880 2636 (3Πῖ
