2169 3047
397 203 449 256 359
671 199 714 243 A
736 200 779 243 N
795 201 834 242 T
849 201 875 243 Ι

384 260 485 293 Libra
510 258 633 304 argenti
658 260 696 294 de
731 262 923 308 dragonia,
962 262 1095 304 Tuscia,
1129 262 1163 296 A

332 310 509 353 Sardinia,
537 311 570 344 &
599 309 823 358 hujusmodi,
866 313 947 347 VII.
976 313 1095 348 Flore—

333 371 418 398 nos.
447 358 484 395 &
516 361 668 396 medium
700 363 907 398 Florenum.

385 412 483 444 Uncia
509 412 634 456 argenti
661 414 742 447 VH.
771 412 933 457 Groffos,
960 412 999 448 ἃ
1021 426 1092 449 me-

330 458 428 495 dium
456 462 638 497 Groffum.

383 513 610 546 Marabotinus
629 513 754 559 argenti
773 527 879 550 unum
902 517 1090 551 Florenum

328 560 445 596 minus
476 564 553 597 XII.
585 564 709 597 Denar·
715 576 753 599 ος
781 565 1065 601 Turonensxbus.

382 613 552 647 Duodecim
579 613 678 648 Malo
654 616 813 660 gurienses
842 630 948 652 unum
984 616 1090 651 Gros-

323 660 422 698 sum.
884 685 886 687 v

376 717 402 746 Ο
414 713 491 748 olus
517 728 628 750 aureus
654 728 761 751 unum
792 719 998 752 florenum.

375 764 602 809 Maffatratius
628 766 701 800 auri
727 767 809 802 duas
839 778 950 816 partes
986 767 1087 803 unius

323 813 494 850 Floreni.

376 866 546 900 Duodecim
583 867 721 901 Denart‘t'
748 868 910 915 Sips‘onum
950 871 976 903 Ι.
1006 867 1085 903 ΙΙ]-

319 912 523 950 lachinum.

370 966 579 1001 Malacbinus
608 969 708 1002 VIII.
736 969 895 1004 Groffos.

372 1016 565 1054 Bisuminus
584 1020 661 1052 XV.
682 1019 844 1062 Groffos,
873 1021 906 1054 δ(
931 1018 1082 1055 medium

319 1066 503 1102 Groffum.

371 1116 526 1151 Tullenus
555 1120 655 1152 VIII.
686 1119 740 1154 So
748 1118 825 1163 1d1
854 1119 892 1155 &
921 1121 982 1156 IV.
1015 1122 1081 1155 De—

317 1164 408 1201 narii
439 1168 558 1202 valent
589 1169 615 1204 Ι.
645 1169 858 1205 Florenum.
1122 1180 1152 1212 C

371 1218 571 1259 Mantesinus
608 1220 651 1253 θ’
688 1223 728 1254 Χ.
756 1220 861 1254 solidi
898 1221 1018 1256 valent
1055 1223 1081 1257 I.

319 1267 510 1304 Florenum
528 1296 536 1304 .

370 1319 574 1359 Mantefinus
611 1322 670 1355 IX.
701 1320 810 1355 solidi
829 1348 837 1364 ‚

317 1367 409 1402 narii
441 1371 558 1405 valent
587 1372 612 1405 Ι.
644 1372 852 1406 Florenum.

371 1419 581 1465 Friguentum
619 1423 661 1454 (9⁶
694 1423 767 1455 ΧῙῙ.
802 1421 934 1454 Denaris
961 1424 1082 1457 valent

315 1465 342 1503 Ῑ.
374 1470 534 1505 Οῑοίΐυτη
564 1471 747 1518 antiquum
778 1470 814 1506 δε
845 1472 1019 1507 medium.

367 1522 510 1554 Tarenus
539 1523 633 1555 valet
651 1549 659 1564 ‚
689 1531 726 1556 ut
755 1521 845 1556 infra
873 1521 1054 1569 sequitur.

365 1572 521 1605 Carlenus
553 1573 649 1607 XVI.

364 1622 467 1655 Libra
497 1625 538 1657 X.

366 1672 569 1706 Marabitius
607 1672 679 1708 auri
714 1673 808 1708 valet
838 1675 968 1708 XXIV.
1000 1675 1079 1709 Ma—

313 1720 463 1756 rabitios
504 1723 660 1769 argenti,
704 1722 771 1757 five
809 1736 915 1757 unum
959 1725 1077 1758 Flore—

313 1781 422 1811 num,
453 1770 567 1805 minus
597 1774 675 1805 XII.
705 1772 893 1806 Denarios.

366 1821 405 1853 In
447 1822 567 1860 Rezno
609 1821 752 1856 Siciliae
799 1821 886 1855 citra
930 1822 1076 1857 Pharum

313 1870 472 1905 maxima
511 1872 610 1906 Uncia
645 1871 689 1906 est
731 1873 808 1906 LX.
845 1870 1076 1908 Carlenorum

312 1920 532 1956 Liliatorum
549 1949 557 1956 .

364 1974 507 2006 Tarenus
534 1972 578 2008 est
605 1972 751 2007 duorum
781 1971 1036 2011 Carlenorum.

363 2024 519 2055 Cartenus
547 2024 641 2057 valet
671 2025 712 2056 X.
741 2036 865 2069 grana.

363 2074 506 2104 Granum
535 2074 627 2107 valet
657 2074 718 2105 VI.
750 2072 938 2107 Deum-ios.

365 2121 471 2156 Aliae
502 2126 581 2157 νει-ὸ
610 2121 802 2170 pecuniae,
839 2132 878 2157 ut
907 2122 1044 2157 Florem?
1065 2151 1074 2167 ‚

311 2171 392 2207 sunt
420 2172 461 2207 ad
489 2172 589 2220 hujus
612 2172 777 2220 pecuniae
797 2173 947 2220 pretium
978 2173 1074 2208 aesti-

311 2233 447 2257 marae.

364 2272 478 2313 Cofina
505 2272 561 2308 seu
587 2274 699 2307 salma
721 2273 819 2320 grani
845 2273 889 2308 est
916 2275 977 2308 IV.
998 2275 1073 2309 Tu-

311 2323 510 2359 mulorum.

365 2375 453 2408 Item
483 2373 518 2408 in
549 2376 670 2422 Regno
698 2373 869 2409 Castellae
888 2375 921 2408 8(
943 2373 1073 2420 Legio-

311 2424 367 2460 nis
394 2423 472 2458 sunt
500 2423 632 2459 usuales
669 2424 859 2465 Monetae,
904 2407 1072 2460 videlicet

309 2475 462 2510 Coronati
488 2474 618 2511 valoris
646 2477 691 2510 V.
720 2475 936 2511 Obolorum.

875 1322 906 1356 δ(
938 1324 982 1357 V.
1013 1325 1081 1358 De-

1132 714 1156 747 Β
1199 715 1367 756 stellanam
1386 741 1394 749 .

896 202 1107 260 QJJT.
1157 200 1414 244 MEDJJ
1456 203 1647 246 ΑΕνι
1850 219 1907 260 40

1259 262 1457 297 Marabitius
1485 265 1526 298 X.
1558 262 1812 312 Denariorum·
1839 265 1872 299 8<
1899 268 1964 300 Sex

1207 310 1383 347 Coronati
1412 315 1530 348 valent
1568 327 1673 349 unum
1704 314 1963 363 Marabitium;

1207 363 1240 397 ὃ(
1283 365 1395 400 XXV.
1440 364 1625 398 Marabirii
1675 365 1792 399 valent
1833 369 1964 409 duplam

1209 414 1468 459 Maroquitanam
1480 441 1488 449 .
1517 417 1562 448 Et
1577 416 1687 449 XXII.
1702 414 1889 450 Marabitii
1904 429 1964 451 va-

1207 463 1280 498 lent
1311 465 1477 498 scilianum
1507 475 1657 499 veterem
1694 466 1859 499 Panalhon
1875 493 1884 501 .
1903 493 1911 500 .
1928 492 1936 501 .
1953 492 1964 501 .

1207 516 1370 548 Matonem
1383 542 1392 557 ‚
1410 516 1464 549 vel
1481 517 1689 550 cathedram.
1712 516 1830 562 Atque
1851 518 1963 551 XXV.

1207 564 1393 598 Marabitii
1423 566 1540 599 valent
1554 569 1688 609 «sgnum
1705 592 1713 600 .
1745 568 1862 612 Atque
1879 569 1963 600 XX-

1208 616 1307 648 VIII.
1336 615 1521 649 Marabitii
1551 616 1670 649 valent
1705 617 1877 660 Regalem.
1915 619 1962 651 Et

1209 666 1337 698 XXIV.
1367 663 1552 699 &larabitii
1582 666 1700 699 valent
1735 667 1865 710 duplam
1900 669 1965 700 Ca-

1439 716 1584 750 Necnon
1623 713 1660 749 &
1701 717 1810 749 XXX.
1839 717 1963 763 duplae

1206 766 1326 799 valent
1352 765 1482 811 duplam
1511 778 1670 812 magnam
1698 766 1730 799 δ(
1770 767 1875 800 latam
1904 769 1963 801 Sa-

1204 828 1404 850 racenorum
1423 842 1432 850 .

1255 867 1300 900 Et
1329 865 1532 906 sciendum,
1568 864 1660 912 quod
1698 866 1834 900 Marcha
1868 867 1963 910 Gros-

1198 915 1301 959 sorum
1337 917 1460 962 argenti
1497 916 1687 956 Bobemiae‚
1730 917 1822 950 valet
1864 929 1963 951 com·-

1205 966 1357 1000 muniter
1388 968 1554 1001 XLVIII.
1582 966 1721 1001 Groffos
1753 965 1960 1014 pragenses,

1203 1018 1257 1051 vel
1289 1019 1418 1051 XXIV.
1448 1020 1567 1050 scotos.

1253 1066 1341 1101 Item
1370 1067 1407 1101 in
1435 1066 1593 1114 qualibet
1619 1066 1767 1102 Marcha
1795 1066 1873 1102 sunt
1896 1069 1960 1104 lv.

1201 1119 1386 1151 Fertones.

1252 1169 1339 1201 Item
1373 1167 1426 1212 sex
1462 1167 1546 1201 scoti
1585 1167 1705 1202 valent
1744 1180 1849 1202 unum
1879 1170 1961 1203 Fer-

1200 1226 1317 1252 tonern
1335 1244 1343 1252 .

1251 1268 1338 1303 lnam
1369 1282 1448 1302 unus
1475 1271 1582 1302 Scotus
1611 1269 1704 1303 valet
1740 1268 1825 1304 duos
1853 1267 1960 1303 Gros-

1199 1318 1250 1353 [05-
1283 1320 1481 1366 Pragenses.

1250 1370 1337 1404 Item
1381 1383 1459 1402 unus
1500 1368 1624 1414 Groffus
1665 1369 1833 1416 Pragensis
1864 1370 1960 1404 valet

1199 1421 1294 1453 XVI.
1327 1422 1515 1455 Denarios.

1247 1469 1336 1504 Item
1367 1469 1540 1504 sciendum
1559 1498 1568 1510 ,
1607 1470 1699 1517 quod
1743 1470 1779 1505 in
1809 1469 1958 1504 Marcha

1198 1519 1370 1567 praedifla
1401 1521 1476 1554 sunt
1508 1522 1602 1554 XVI.
1631 1522 1804 1554 Lothones.

1248 1570 1335 1605 Item
1366 1571 1463 1604 Lorho
1491 1571 1585 1604 valet
1613 1583 1717 1604 unum
1748 1573 1889 1604 Scutum
1920 1570 1956 1605 δε

1121 1630 1152 1663 D
1197 1620 1373 1663 medium,
1403 1621 1458 1655 vel
1496 1629 1562 1655 tres
1599 1620 1761 1659 Groffos,
1803 1620 1897 1666 quod
1923 1622 1956 1656 i-

1196 1671 1273 1705 dem
1302 1670 1346 1704 est
1363 1695 1372 1703 .

1249 1723 1336 1753 Item
1366 1718 1516 1766 quilibet
1544 1721 1640 1753 Ferto
1666 1718 1770 1753 habet
1798 1721 1860 1753 IV.
1881 1722 1956 1756 Lo-

1198 1769 1340 1804 thones.

1249 1821 1313 1854 Pro
1343 1819 1491 1862 Bisantio
1519 1818 1701 1854 solvuntur
1728 1818 1814 1855 duae
1842 1830 1954 1867 partes

1195 1870 1296 1904 unius
1327 1870 1490 1904 Floreni.

1247 1921 1313 1954 Pro
1330 1918 1557 1963 Maffamutino
1575 1919 1758 1956 solvuntur
1772 1920 1857 1956 duae
1876 1934 1954 1970 par-

1195 1978 1244 2005 tes
1272 1969 1373 2005 unius
1404 1970 1569 2004 Floreni.

1246 2022 1311 2055 Pro
1339 2023 1412 2053 Ma
1407 2021 1560 2053 abottino
1588 2019 1737 2056 solvitur
1764 2034 1850 2056 unus
1871 2023 1954 2058 Flo-

1114 2074 1142 2106 E
1193 2083 1314 2109 renus,
1344 2070 1458 2104 minus
1488 2072 1528 2105 X.
1558 2072 1751 2106 Denarios.

1245 2123 1311 2155 Pro
1328 2121 1514 2154 Malachino
1532 2123 1630 2156 V111.
1644 2122 1757 2157 Groffi
1774 2122 1951 2170 argentei.

1243 2171 1306 2206 Ista
1352 2169 1589 2218 Cabrolpinus
1640 2175 1674 2207 in
1723 2172 1842 2207 scheda
1888 2174 1951 2208 illa

1193 2222 1312 2257 Msta.
1335 2223 1386 2256 Ex
1411 2221 1502 2256 hilce
1527 2222 1690 2256 Nummis
1711 2223 1850 2269 quidam
1879 2225 1952 2258 Au-

1192 2273 1264 2313 rei,
1293 2272 1434 2318 quidam
1464 2274 1632 2319 Argentei
1655 2272 1766 2308 fuere.
1795 2273 1949 2317 Quidam

1193 2322 1299 2357 etiam
1318 2349 1327 2364 ‚
1356 2335 1567 2369 quamquam
1595 2323 1686 2358 idem
1710 2331 1864 2371 gererent
1885 2335 1950 2357 no-

1193 2386 1296 2415 men,
1335 2385 1404 2407 non
1442 2382 1557 2408 tamen
1587 2387 1628 2409 ex
1657 2374 1773 2408 eodem
1805 2373 1951 2408 metallo

1192 2423 1352 2458 fabricati
1381 2433 1478 2459 erant
1495 2450 1505 2465 ,
1534 2423 1665 2458 scilicet
1693 2422 1802 2469 aliqui
1824 2436 1865 2457 ex
1888 2436 1949 2458 au-

1190 2487 1229 2508 ro
1246 2500 1256 2516 ‚
1284 2473 1345 2507 alii
1374 2487 1415 2508 ex
1445 2483 1587 2521 argento
1615 2470 1780 2508 conflati.
1808 2475 1854 2508 Et
1877 2472 1948 2516 pri-

1190 2536 1250 2559 mo
1276 2523 1317 2560 de
1343 2524 1558 2562 Marabotinis
1584 2523 1790 2565 dicendum,
1833 2525 1949 2580 Num-

1831 2586 1901 2610 mls
