2169 3047
213 205 296 247 453

476 181 844 230 DISSERTATIO
876 181 1451 230 TRIGESIMASECUNDA
1463 193 1474 225 .‘

1650 200 1736 240 434

154 264 217 287 una
252 248 371 291 Cina,
408 260 450 283 ex
480 248 738 280 Germanorum
773 243 914 292 Lingua
949 249 983 284 A
1029 247 1105 280 Par.
1131 244 1177 278 11.
1204 255 1280 291 pag.
1307 252 1395 288 437.
1422 241 1506 275 delle
1532 244 1639 277 Grottc
1668 248 1796 279 Vatin-

154 300 370 349 accepimus,
390 298 448 333 cui
472 295 517 332 est
541 294 636 331 idem
662 293 849 330 Articulus
879 308 917 330 u-

154 352 279 388 nitatis
296 378 305 395 ,
333 361 456 396 nempe
483 346 550 382 Ein
567 373 578 391 ‚
607 345 717 385 Eine,
749 349 840 385 Uno,
872 349 916 380 U-

155 417 226 443 na,
263 402 304 438 ad
341 400 557 447 reliquorum
594 396 665 433 fere
701 396 917 432 Occidenta-

154 454 244 490 lium
273 451 430 500 Linguas
461 456 693 499 propagatus.
731 447 916 483 Articulos

153 513 293 547 autem,
321 516 360 538 ac
388 502 494 551 Signa
523 501 662 536 cal‘uum
690 512 762 535 non
790 498 916 534 imme·

153 554 225 590 rito
252 553 412 590 censebat
442 552 574 588 amicus
602 550 692 586 olim
720 563 816 586 meus
840 551 917 585 Hu-

155 606 271 641 bertus
299 603 604 653 BenvoglientuS,
639 615 684 637 ex
720 599 918 637 neceffitate

157 655 322 705 quapiam
351 655 388 691 in
426 654 604 702 Linguam
640 651 788 688 nostram
818 652 919 688 inve-

155 708 237 756 ἃς
258 720 297 742 ea
319 706 450 753 quippe
477 702 774 739 declinationibus
803 711 918 743 caret,

156 771 196 794 ac
217 755 416 792 diverfitate
436 754 575 790 casuum
589 781 598 798 ‚
626 753 677 789 ita
699 763 737 789 ut
757 753 820 789 nifi
842 766 918 802 par-

155 808 286 844 ticulae
313 806 393 843 istae
419 806 645 848 accederent,
666 817 736 840 non
764 803 853 840 levis
881 804 919 839 in

157 859 314 895 sermone
351 856 505 893 confusio
544 855 840 903 consequeretur.
884 855 920 889 ld

158 909 251 957 quod
269 937 279 953 ,
297 905 356 944 'ut
383 908 446 944 ille
480 908 553 951 ait,
591 906 723 955 jamdiu
762 905 921 942 animad—

159 959 268 995 vertit
290 960 548 994 Bartholomaeus
569 957 839 1004 Benwglt'entus,
859 956 920 1004 qui

160 1010 221 1046 sub
250 1012 314 1045 Pio
344 1012 388 1045 ΙΙ.
418 1007 591 1044 Pontifice
629 1007 816 1056 Praepositi
845 1020 920 1042 mu—

159 1074 239 1096 nere
266 1060 404 1095 funE'tus
428 1059 472 1095 est
500 1059 537 1094 in
562 1057 768 1094 Cathedrali
793 1060 920 1092 Senen—

159 1111 204 1151 si,
234 1111 272 1146 in
300 1110 445 1146 Libello
472 1110 511 1143 de
536 1109 732 1154 Analogia,
761 1108 821 1155 qui
853 1106 921 1142 fine

158 1160 328 1197 Auffloris
356 1160 500 1195 nomine
530 1158 602 1194 luci
630 1159 780 1194 traditus
810 1158 920 1207 postea

158 1211 249 1248 fuit.
276 1214 374 1248 Haec
399 1220 513 1247 autern
539 1210 644 1259 Signa
665 1208 828 1249 casuum,
854 1208 920 1244 hoc

157 1263 199 1299 efl
230 1266 279 1299 A.
308 1264 365 1298 Di.
393 1265 462 1298 De.
491 1265 545 1297 Da
572 1269 731 1296 mutuata
759 1260 804 1296 est
830 1261 922 1296 Lin-

158 1327 225 1361 gua
262 1313 375 1349 nostra
411 1327 430 1349 a
467 1311 600 1348 Latino
629 1314 711 1350 Ad,
739 1315 819 1355 Ab,
851 1314 921 1350 De,

159 1363 198 1400 &
237 1364 365 1412 partim
402 1363 510 1399 etiam
548 1376 589 1398 ex
627 1362 700 1411 ipsa
728 1364 920 1398 Germano-

160 1427 236 1450 rum
254 1415 415 1462 Lingua.
435 1414 542 1459 quue
559 1413 603 1448 est
620 1412 899 1459 antiquissimum
914 1440 921 1447 .

160 1466 203 1500 In
230 1464 362 1499 Charta
401 1462 546 1499 Lucenfi
584 1463 761 1509 archetipa
795 1462 923 1509 scripta

160 1519 330 1562 Regnante
358 1517 401 1549 D.
429 1517 473 1549 N.
498 1514 610 1549 Carolo
638 1516 830 1547 Francorum
857 1517 922 1547 Re-

156 1579 197 1613 ge
224 1565 269 1604 &⁴
299 1565 602 1612 Langobardorum,
629 1568 731 1599 Anno
758 1563 866 1610 Regni
893 1577 918 1596 e-

155 1616 211 1662 jus
239 1616 273 1650 in
303 1619 365 1651 Dei
402 1616 522 1650 nomine
551 1616 633 1662 quod
663 1614 923 1662 Lungasyardiarn

161 1667 287 1711 coepit,
324 1671 475 1713 Quarto,
514 1670 592 1702 Kal.
622 1666 767 1710 salias,
803 1663 922 1699 India.

162 1719 428 1764 Quintadectma‚
454 1717 537 1752 idest
558 1719 666 1751 Anno
685 1727 771 1762 777.
797 1716 868 1749 Ideo
892 1728 920 1748 e-

159 1781 201 1814 go
230 1769 389 1813 Magnari
419 1767 514 1811 filius
551 1768 726 1813 Magnenti
760 1765 925 1800 bavitator

162 1819 195 1852 in
224 1821 358 1852 Paterno
384 1818 477 1863 offero
503 1819 604 1864 adque
630 1819 700 1851 cedo
726 1831 747 1851 a
768 1819 834 1851 Deo
859 1829 923 1850 om-

162 1869 317 1915 nipotenti
329 1896 338 1910 ,
355 1869 397 1902 (θ’
416 1870 460 1904 ad
474 1868 614 1909 Ecclesia
631 1867 820 1909 Monallert'i
839 1871 922 1902 Bea-

162 1920 190 1954 n·
217 1919 331 1954 Sam‘li
359 1920 479 1966 Reguli
507 1919 659 1955 Martiris
694 1918 832 1961 Chrrsti,
870 1919 924 1953 ubi

161 1974 281 2017 Corpus
309 1969 376 2014 ejus
412 1971 571 2018 requiescit
606 1970 640 2005 in
670 1971 733 2005 loco
759 1970 815 2017 qui
841 1969 923 2004 dici-

163 2030 215 2054 tur
251 2021 366 2055 Waldo
393 2020 463 2059 &a
501 2024 606 2058 Nunc
642 2021 681 2058 in
717 2020 922 2057 cathedrali

163 2070 309 2106 Basilica
336 2071 453 2108 SanS'ti
482 2071 635 2109 Martini
663 2085 787 2121 corpus
822 2071 922 2108 illius

164 2121 335 2167 Martyris
371 2122 584 2160 honoratur.
612 2124 740 2160 Vidisti
776 2123 870 2170 offero
903 2136 923 2157 a

164 2175 232 2208 Deo
255 2173 478 2220 omnipotenti,
503 2176 546 2209 Θ
568 2176 612 2210 ad
636 2174 773 2216 Ecclesia
793 2175 860 2209 &aa
888 2174 923 2210 I-

163 2222 380 2259 talicilmum
418 2223 544 2265 sentis,
571 2226 657 2272 Offiv
683 2240 704 2262 a
731 2227 796 2260 Dio
830 2225 923 2259 onni-

164 2284 309 2321 poreme,
337 2288 352 2308 e
377 2275 446 2309 alla
472 2276 583 2320 Chiesa
603 2275 673 2314 &¹⁶¹-
703 2278 756 2312 Ita
783 2278 826 2311 da
853 2275 923 2311 sae-

165 2324 301 2372 piffime
321 2325 476 2361 occurrit
491 2326 528 2361 in
544 2327 624 2362 aliis
642 2327 797 2374 antiquis
814 2340 925 2363 mem-

166 2375 282 2411 branis
299 2402 306 2410 .
329 2376 436 2422 Quod
456 2378 489 2412 8<
507 2377 549 2413 de
565 2377 646 2413 aliis
667 2378 808 2413 Latinis
829 2391 925 2426 prae—

164 2425 394 2475 positionibus
424 2428 459 2462 &
488 2427 634 2464 vocibus
663 2427 815 2464 facium.
846 2432 925 2463 Cum

165 2490 303 2526 quoque
339 2477 445 2513 evafit
482 2482 571 2514 Con.
609 2481 649 2514 In
686 2478 925 2526 antiquiffima

168 2528 399 2580 Inscriptione
420 2532 577 2567 Romana
605 2530 694 2579 apud
716 2530 924 2579 Turrjgium

962 1177 990 1211 (Ἴ

1032 309 1069 330 ne
1095 295 1179 329 haec
1207 293 1312 328 verba
1340 292 1445 328 sunt:
1482 292 1644 329 LOCUS
1672 297 1797 331 §ERI-

1034 347 1090 383 NI
1121 345 1257 380 SUBD.
1287 342 1414 379 REGI.
1443 342 1556 389 (idest
1586 345 1798 382 Subdiaconi

1033 395 1264 446 Regionarii)
1282 396 1431 440 QUEM
1452 395 1796 432 COMPARAVIT

1034 449 1101 485 AB
1129 446 1378 483 ISPECIOSA
1409 447 1542 481 ABBA
1581 445 1677 492 (hoc
1706 447 1751 482 est
1778 460 1797 482 a

1034 498 1195 548 Speciosa
1240 496 1455 545 Abbatiffa)
1502 498 1607 532 CON
1650 499 1798 534 TUTA

1036 550 1476 586 CONGREGATIONE
1493 550 1587 583 SUA
1600 574 1607 584 .
1625 548 1802 585 Animad-

1037 611 1135 637 verte
1164 601 1232 649 jarn
1261 610 1338 637 tum
1368 600 1597 636 immutatum
1625 601 1801 636 Latinum

1039 656 1120 687 Cum
1155 653 1192 688 in
1229 651 1394 688 Italicum
1431 654 1520 695 Con,
1555 652 1589 686 δε
1627 651 1800 688 Latinum

1038 708 1121 739 Tota
1156 704 1194 739 in
1229 707 1340 743 Tuta,
1382 702 1472 740 unde
1511 703 1677 738 Italicum
1717 706 1802 738 Tut-

1038 765 1087 790 to.
1125 755 1179 791 Ita
1213 754 1365 790 Latinae
1401 768 1503 790 voces
1538 753 1656 789 senfim
1695 753 1800 790 aliter

1041 805 1216 846 inflexae,
1244 806 1513 855 pronuntiatae,
1544 807 1732 842 translatae
1760 816 1800 839 ac

1040 857 1227 901 distortae,
1258 857 1295 892 in
1323 870 1432 893 novas
1461 857 1571 892 veluti
1603 870 1705 893 voces
1737 869 1799 890 no-

1040 920 1102 942 vae
1127 907 1289 956 Linguae
1312 907 1514 943 evaserunt.
1539 908 1651 955 Cujus
1677 908 1726 943 rei
1749 907 1804 941 al-

1039 968 1150 993 terum
1189 960 1390 1008 exemplum
1427 959 1536 994 dabo.
1573 959 1613 994 In
1643 959 1800 1007 Legibus

1041 1009 1286 1045 Alamannicis
1317 1009 1408 1057 Cap.
1436 1020 1497 1056 45.
1525 1011 1633 1046 Tom.
1663 1012 1688 1045 I.
1725 1020 1802 1057 pag.

1040 1060 1100 1106 69.
1128 1058 1328 1107 Capitular.
1361 1060 1501 1096 Baluzii
1538 1060 1692 1096 occurrit
1720 1072 1805 1106 pau-

1034 1110 1105 1155 sare
1131 1123 1221 1145 arma
1250 1111 1312 1154 sua
1343 1110 1470 1156 josum.
1510 1113 1615 1147 Nunc
1652 1111 1804 1147 dicimus

1036 1161 1127 1208 posar
1150 1161 1210 1207 gila
1235 1161 1265 1195 le
1286 1161 1343 1205 sue
1369 1161 1469 1197 arm‘i.
1500 1162 1702 1210 Antiquurn
1733 1164 1806 1198 La-

1040 1211 1198 1247 tinorum
1241 1212 1451 1248 vocabulum
1490 1212 1535 1248 est
1574 1213 1706 1259 pausare
1743 1227 1803 1262 pro

1039 1263 1207 1310 quiescere,
1234 1263 1326 1311 quod
1358 1263 1467 1311 postea
1495 1265 1621 1312 vulgus
1651 1264 1805 1300 tranfiri-

1041 1327 1124 1349 vum
1152 1313 1257 1350 fecit.
1289 1316 1468 1350 Praeterea
1495 1315 1633 1350 Voffius
1661 1317 1743 1352 Lib.
1771 1329 1802 1352 z.

1039 1364 1130 1413 Cap.
1158 1376 1215 1412 27.
1240 1365 1281 1400 de
1311 1365 1412 1401 vitiis
1440 1365 1538 1402 serm.
1567 1367 1599 1401 δ(
1631 1369 1804 1403 Du-Can-

1039 1415 1116 1463 gius
1144 1416 1495 1456 animadverterunt,
1525 1431 1647 1453 vocem
1672 1418 1803 1464 joszm3

1041 1466 1095 1501 seu
1118 1466 1226 1511 jusum
1254 1466 1370 1512 (unde
1396 1466 1507 1513 postea
1534 1468 1626 1503 exiit
1651 1469 1804 1506 nostrum

1035 1517 1145 1563 giuso,
1164 1517 1244 1562 gila,
1267 1516 1303 1552 ἃ
1326 1517 1561 1553 Lombardice
1581 1521 1653 1567 Za)
1679 1534 1697 1554 a
1720 1523 1804 1555 San—

1039 1567 1098 1601 &o
1126 1567 1341 1614 Augustino,
1369 1581 1386 1602 a
1412 1568 1601 1611 Nodzero,
1627 1571 1669 1604 ab
1700 1570 1804 1618 [gno-

1040 1625 1077 1650 to
1106 1615 1309 1659 (tamense,
1339 1626 1443 1664 atque
1470 1618 1512 1653 ab
1541 1619 1622 1654 aliis
1659 1619 1800 1669 usurpa-

1041 1676 1112 1701 tam
1141 1665 1259 1701 fuisse.
1289 1666 1477 1716 Menagius
1504 1672 1586 1705 vero
1611 1670 1726 1706 censet
1752 1671 1804 1706 ef-

1041 1716 1176 1752 fluxiffe
1200 1717 1299 1752 illam
1327 1730 1346 1752 a
1371 1718 1504 1754 Latino
1523 1721 1687 1764 deorsum:
1708 1722 1801 1769 quod

1042 1767 1156 1803 nescio
1184 1780 1227 1802 an
1256 1776 1390 1803 eertum
1421 1767 1483 1804 fir.
1523 1771 1717 1819 pergebant
1746 1773 1801 1808 ni—

1042 1818 1236 1854 hilominus
1254 1818 1337 1854 Itali
1355 1827 1488 1855 veteres
1508 1820 1686 1866 Linguam
1709 1823 1804 1859 suam

1041 1870 1215 1918 appellare
1250 1870 1404 1904 Latinam
1426 1897 1435 1906 .
1478 1872 1531 1907 De
1569 1873 1729 1921 Bulgaris
1767 1874 1804 1910 in

1043 1922 1325 1956 Beneventanam
1373 1921 1551 1970 regionem
1595 1924 1776 1961 translatis
1795 1951 1806 1966 ,

1043 1979 1208 2020 regnante
1242 1970 1452 2007 Grimoaldo
1489 1975 1803 2022 Langobardorum

1044 2025 1164 2070 Rege,
1201 2021 1286 2057 haec
1322 2022 1426 2058 habet
1455 2025 1596 2060 Paullus
1625 2027 1805 2064 Diaconus

1044 2073 1126 2109 Lib.
1154 2075 1199 2108 V.
1235 2072 1326 2121 Cap.
1365 2086 1423 2122 29.
1452 2074 1493 2111 de
1529 2076 1607 2125 gest.
1646 2079 1806 2126 Langob.

1044 2124 1113 2170 ‚Qui
1148 2123 1242 2171 usque
1277 2125 1369 2159 hodie
1403 2139 1591 2174 quamquam
1619 2128 1662 2162 (9'
1689 2130 1807 2164 Latine

1043 2177 1233 2222 loquantur,
1269 2176 1417 2223 Linguae
1452 2188 1556 2212 tamen
1589 2180 1735 2226 propriae
1769 2193 1807 2215 u-

1038 2226 1109 2271 sum
1135 2227 1264 2261 minime
1289 2228 1480 2272 amiserunt.
1510 2231 1683 2279 Appellat
1710 2231 1809 2267 Lati-

1044 2290 1143 2321 nam,
1180 2290 1268 2325 quae
1304 2291 1323 2314 a
1355 2279 1500 2327 Populis
1528 2282 1683 2330 Apuliae
1722 2291 1807 2317 tunc

1044 2327 1290 2376 usurpabatur:
1313 2330 1407 2377 quod
1432 2331 1466 2365 δε
1493 2332 1597 2380 longe
1627 2332 1730 2369 serius
1756 2333 1807 2368 fe-

1044 2378 1096 2414 cit
1131 2381 1221 2415 Otto
1257 2379 1478 2430 Frifingenfis
1516 2384 1597 2419 Lib.
1637 2385 1682 2419 ΙΙ.
1716 2385 1804 2431 Cap.

1046 2431 1144 2465 XIII.
1171 2430 1492 2468 Mediolanensibus
1520 2435 1635 2469 Latini
1656 2435 1806 2480 sermonis

1042 2481 1232 2528 elegantiam
1252 2482 1438 2531 tribuens3
1468 2483 1581 2520 immo
1601 2484 1712 2521 fecere
1736 2484 1804 2519 suis

1008 2536 1015 2573 1
1043 2531 1151 2566 etiarn
1180 2532 1396 2581 temporibus
1413 2560 1423 2577 ‚
1457 2533 1524 2570 hoc
1552 2536 1597 2570 est
1624 2534 1802 2583 postremis

1094 2584 1119 2615 s
1149 2580 1165 2615 s
1190 2594 1209 2616 2
1645 2597 1754 2632 paene
