2169 3047
350 254 355 258 ,
407 215 493 255 743
745 200 1125 257 ANJJQJJT.
1166 198 1380 243 MEDM
1417 200 1577 244 ΑΕΗ
1839 221 1924 260 744

394 260 562 306 cabum-5
594 270 674 293 nam
713 257 743 294 is
780 259 888 295 etiam
929 260 975 294 est
1013 260 1110 294 color
1137 261 1192 307 ¹A¹

393 308 488 344 inter
509 309 642 345 Album
664 311 695 344 ἃ
721 309 892 359 Nigrum.
916 310 1009 345 Illud
1035 323 1104 345 cer—

394 368 472 395 tum
501 359 591 395 mihi
631 360 789 400 videtur,
820 374 887 396 non
920 362 1023 400 Buio,
1053 361 1106 396 sed

391 413 482 445 ,Bura
508 409 605 446 fuisse
633 411 853 458 primitivam
881 413 977 447 vocis
1005 411 1107 459 hujus

393 461 721 509 pronuntiationem
733 489 742 497 .
760 462 887 497 Adhuc
906 463 1107 497 Bononien-

392 511 469 552 ses,
513 511 732 546 Mutinenses
749 539 758 555 ‚
801 513 933 560 aliique
980 514 1104 558 Populi

391 566 482 597 Bura
524 562 777 609 pronuntiant.
816 565 931 597 Immo
969 562 1006 599 &
1044 563 1104 611 ipsi

393 612 595 648 florentini
633 615 719 646 Bura
754 611 843 647 olim
881 613 1104 656 dixere‚.uti

393 662 484 711 apud
512 662 672 697 eumdem
700 662 909 711 Menagium
944 666 1104 713 exempla

392 727 414 749 a
452 713 562 748 Redio
600 713 756 761 congesta
793 715 939 750 docent.
976 715 1038 750 Sed
1077 715 1105 750 ii

392 772 644 799 converterunt
680 768 767 798 Bura
807 765 844 800 in
887 766 997 807 Baio,
1034 779 1104 813 quo

391 828 490 850 more
517 813 624 849 etiam
653 824 708 850 tot
736 815 821 851 alias
850 829 951 851 voces
974 815 1011 851 in
1036 820 1105 851 Am

391 865 562 909 efferunt,
593 866 676 900 dum
715 868 802 912 apud
843 867 996 912 reliquos
1035 869 1099 901 Ita-

391 916 461 951 liae
492 917 643 960 Populos
671 916 709 951 in
736 921 808 951 ιᾸνο
835 918 1012 957 desinunt,
1041 931 1104 964 pu-

389 975 428 1001 ta
450 970 613 1006 Gennam,
637 968 817 1010 Febbraro,
837 969 1011 1002 Macellaro
1036 970 1104 1003 &c.

389 1016 519 1052 Tuscis
547 1018 708 1057 Cermalo,
739 1018 914 1061 Febbraio,
945 1020 1103 1053 Macella—

389 1067 420 1100 io
444 1069 510 1102 (92.
542 1068 664 1115 Iraque
693 1069 994 1117 perpendendum,
1021 1083 1104 1104 num

390 1121 479 1151 Rura
515 1118 723 1153 descendisse
761 1120 916 1166 potuerit
952 1133 995 1154 ex
1031 1122 1103 1154 He—

390 1167 509 1201 braico
546 1171 634 1210 Bor,
669 1178 728 1202 aut
765 1181 782 1202 e
819 1171 954 1204 Graeco
994 1175 1102 1211 ῐοθρὶς,

388 1216 666 1265 significantibus
693 1219 810 1254 locum
839 1233 1027 1260 concavum,
1050 1224 1102 1256 ob-

381 1271 529 1311 scurum,
558 1268 750 1311 tenebrosum
778 1269 849 1307 effe.
879 1271 920 1306 de
948 1285 1018 1318 quo
1047 1273 1101 1307 in-

391 1317 440 1353 fra
469 1319 511 1353 ad
540 1331 662 1353 vocem
692 1323 855 1360 Burrene,
883 1320 920 1356 &
950 1325 1103 1357 Burlare.

340 1370 440 1402 Bulla
453 1395 461 1409 ,
479 1368 572 1402 idem
593 1368 687 1414 quod
707 1368 918 1414 Smargiaffo,
935 1372 967 1403 8<
986 1374 1102 1414 Sgber-

389 1431 445 1453 ro.
488 1418 628 1461 Thraso,
670 1419 828 1453 Satelles.
869 1421 1103 1457 Lombardica

389 1482 460 1504 vox
483 1468 546 1504 est.
573 1468 656 1516 Ejus
679 1468 779 1516 origo
801 1471 1010 1506 Germanica
1037 1473 1104 1507 mi-

391 1519 431 1554 hi
460 1519 634 1561 creditur,
665 1518 730 1553 hoc
758 1520 802 1554 est
830 1534 847 1555 e
876 1522 963 1563 Bul,
994 1524 1104 1562 Buhl,

388 1572 423 1604 ἃ
462 1570 605 1612 Bubler,
634 1568 851 1616 significante
890 1573 1021 1614 Drudo,
1049 1578 1104 1609 A-

387 1631 513 1663 mante,
536 1623 689 1655 Bertone.
714 1623 767 1655 Ita
793 1622 909 1669 primo
934 1625 1102 1668 appellati

387 1671 615 1706 meretricum
643 1671 774 1706 Amafii
791 1700 798 1711 ,
820 1673 875 1708 seu
902 1675 1099 1710 satellites:

387 1730 465 1757 tum
503 1721 717 1769 quicumque
757 1724 945 1763 Thrasonem
972 1735 1102 1774 agunt,

388 1771 459 1807 five
482 1773 580 1815 fanno
607 1773 631 1806 it
652 1776 782 1808 Bra-00.
812 1775 938 1823 Anglis
964 1790 1103 1824 quoque

392 1823 494 1867 Bully
522 1821 693 1870 fignificat
720 1838 762 1857 zm
788 1825 868 1867 falso
898 1830 1025 1862 Bravo-

342 1873 504 1917 Burasca,
526 1872 582 1907 seu
605 1874 780 1917 Burrafta.
805 1877 1003 1918 Tempestas,
1027 1882 1102 1911 Pro-

391 1924 469 1958 cella
495 1924 614 1959 maris.
652 1926 754 1959 Hanc
783 1939 905 1961 vocem
935 1941 952 1962 a
982 1929 1102 1971 Buffa,

391 1975 538 2019 Busera,
567 1975 759 2018 Buferasca,
789 1977 927 2016 Burasca
964 1989 1101 2013 enatam

391 2024 536 2074 putavit
557 2026 764 2073 Menagius.
786 2028 962 2064 Ferrarius
983 2042 1001 2064 a
1025 2033 1101 2064 Bor-

392 2089 449 2115 ra,
478 2075 546 2112 five
579 2090 597 2111 a
630 2079 765 2119 Boreas,
795 2077 864 2113 five
900 2092 917 2113 a
947 2080 1103 2113 Bullitz'o—

390 2141 429 2161 ne
450 2127 566 2163 maris.
588 2128 718 2163 Neutri
744 2127 996 2163 adhaerendum
1023 2143 1101 2164 cen-

388 2176 466 2211 se0.
496 2178 616 2212 Nimis
652 2177 745 2212 enim
785 2178 887 2212 distat
921 2178 1099 2216 literarum

387 2225 556 2262 struRura
597 2227 634 2260 in
672 2227 773 2270 Buffa
811 2241 829 2262 a
859 2230 1033 2271 Burrasca.
1062 2230 1099 2266 &

388 2277 549 2312 Ballista.
575 2279 700 2324 Neque
726 2280 863 2312 tantum
888 2282 1023 2324 Boreas,
1045 2281 1100 2317 sed

390 2330 425 2365 &
454 2327 516 2364 alii
547 2328 643 2363 venti
674 2341 767 2363 mare
802 2332 1033 2374 conturbant,
1062 2345 1100 2366 ac

391 2379 562 2429 procellas
584 2379 621 2414 in
643 2392 791 2424 aequore
817 2380 994 2417 excitant.
1017 2385 1099 2418 Non

391 2430 533 2466 aliunde
559 2429 713 2477 profe&a
739 2429 827 2466 mihi
855 2431 1006 2467 creditur
1032 2437 1099 2467 Bu-

389 2482 497 2522 rufw,
520 2480 581 2516 nifi
607 2495 626 2516 a
647 2485 753 2522 Bura,
774 2495 844 2528 quo
870 2483 1013 2518 nomine
1039 2497 1099 2519 nos

387 2532 585 2573 Lombardi
621 2533 838 2583 appellamus
863 2543 982 2582 tempus
1015 2544 1099 2572 tene-

1147 1169 1180 1206 C

1148 2070 1177 2103 E

1269 260 1388 303 brosum
1405 274 1443 297 ac
1460 262 1602 296 nubilum
1614 289 1624 303 ,
1641 261 1708 298 five
1723 262 1839 297 locum
1859 276 1984 311 quem-

1269 312 1363 357 piam
1390 313 1567 357 obscurum,
1596 312 1705 348 Tusci
1737 316 1819 349 vero
1857 315 1980 349 dicunt

1268 364 1371 397 Buio.
1405 364 1638 399 procellosum
1669 377 1762 399 mare
1793 363 1861 399 fere
1890 364 1978 399 sem-

1268 425 1327 460 per
1354 412 1413 448 sub
1441 414 1586 450 obscuro
1617 416 1714 450 caelo
1751 414 1859 458 furit,
1888 414 1979 462 ipsa-

1267 476 1333 510 que
1370 465 1441 511 ejus
1479 464 1674 512 superficies
1711 466 1826 501 veluti
1863 466 1980 513 nigre·

1266 514 1351 549 scir.
1382 516 1472 550 Vide
1502 515 1599 560 supra
1630 517 1734 550 But'o.

1216 566 1373 599 Burelta.
1411 566 1446 599 Si
1491 564 1704 599 Au&0ribus
1747 566 1977 602 Vocabularii

1264 615 1352 649 della
1379 614 1494 657 Cressa
1521 614 1714 652 credimus,
1743 614 1787 649 est
1817 629 1880 650 una
1903 617 1979 661 spe-

1265 666 1309 698 cie
1344 665 1380 699 ai
1415 666 1575 711 prigione,
1612 678 1627 698 e
1650 665 1731 708 forse
1767 664 1892 711 quella,
1929 666 1979 700 che

1265 715 1339 761 oggi
1364 716 1479 749 dicium
1504 715 1643 761 segreta.
1685 717 1748 750 Per
1775 717 1981 752 translatio-

1265 778 1343 800 nem
1374 765 1423 801 ita
1461 767 1654 811 appellatus
1692 766 1737 801 est
1765 780 1878 802 carcer
1912 767 1980 802 ali-

1266 816 1344 862 quis
1367 816 1554 862 profundus
1575 817 1608 850 &
1633 817 1886 852 tenebricosus.
1907 819 1978 853 Ce-

1266 875 1378 901 terum
1401 868 1534 900 Burella
1556 865 1726 914 fignificat
1749 869 1886 914 proorie
1913 871 1978 901 Fo-

1264 931 1375 952 veam.
1398 917 1490 952 Vide
1508 917 1710 965 subsequens
1728 920 1871 952 verbum
1890 921 1976 952 Bur-

1263 968 1351 1011 ίανε,
1380 967 1416 1002 ἂ
1448 967 1536 1003 infra
1565 981 1687 1002 vocem
1717 971 1880 1003 Burrone.

1215 1019 1372 1053 Burlare.
1403 1020 1549 1061 Fallere,
1580 1020 1756 1054 Deludere.
1789 1022 1820 1054 A
1850 1023 1978 1059 Bam,

1264 1069 1315 1102 nel
1336 1068 1517 1115 fignifisato
1541 1070 1577 1102 di
1597 1070 1820 1116 Q’usquiliae,
1845 1071 1906 1104 cio&
1929 1084 1976 1104 co-

1257 1118 1293 1162 se
1328 1121 1370 1152 da
1412 1120 1545 1162 niente,
1586 1123 1752 1165 opinatur
1789 1120 1976 1168 Menagius

1264 1168 1499 1203 deducendam
1530 1182 1652 1204 vocem
1683 1170 1808 1204 Burla.
1839 1173 1870 1205 A
1903 1171 1978 1204 Pila

1264 1218 1460 1254 Ferrarius.
1501 1221 1674 1255 Neutrum
1706 1221 1847 1266 probes,
1885 1218 1975 1255 Cer·

1263 1278 1335 1304 tam
1366 1270 1461 1304 vocis
1486 1269 1660 1317 originem
1690 1270 1856 1307 detexisse
1885 1269 1976 1306 mihi

1263 1319 1406 1353 videor.
1446 1320 1627 1353 Nimirum
1658 1332 1676 1352 a
1705 1321 1877 1362 Burrelln,
1907 1319 1974 1355 five

1263 1368 1434 1410 Romala,
1473 1366 1688 1411 significante
1726 1369 1825 1404 nobis
1864 1371 1976 1404 Lom-

1264 1417 1378 1452 bardis
1407 1419 1570 1460 Foveaem,
1608 1417 1675 1453 five
1704 1419 1802 1453 locum
1829 1420 1863 1454 in
1891 1431 1975 1454 terra

1263 1479 1434 1510 cavatum,
1457 1482 1526 1503 vox
1556 1468 1709 1504 desumta
1738 1469 1828 1513 fuit,
1858 1480 1897 1505 ut
1923 1469 1974 1505 es-

1265 1517 1314 1553 set
1343 1519 1456 1565 primo
1484 1521 1686 1563 Burrellare,
1714 1529 1787 1555 tum
1817 1521 1972 1556 Budare.

1262 1570 1423 1616 Vulpes,
1462 1572 1607 1618 Lupos,
1650 1571 1763 1606 aliave
1805 1571 1973 1607 animalia

1261 1621 1399 1667 rapacia
1437 1623 1571 1667 capturi
1611 1621 1794 1665 homines,
1833 1625 1974 1657 Foveam

1261 1669 1362 1706 humi
1391 1671 1582 1714 cavabant,
1608 1673 1640 1706 8<
1671 1672 1741 1707 levi
1771 1671 1974 1719 superindu-

1261 1720 1320 1755 ἃο
1341 1721 1519 1765 tegmine,
1548 1734 1607 1758 aut
1629 1722 1753 1758 mobili
1780 1723 1897 1757 tabula
1919 1722 1972 1757 su-

1261 1770 1514 1818 pe=impofita,
1554 1773 1591 1807 in
1629 1785 1701 1807 earn
1742 1772 1972 1817 impellebant

1261 1820 1347 1855 feras
1364 1847 1371 1855 .
1401 1823 1525 1855 Faveas
1552 1822 1662 1867 quibus
1684 1822 1770 1865 feras
1796 1835 1971 1863 venamur,

1262 1872 1382 1906 Plinio
1421 1882 1658 1907 memorantur
1695 1873 1776 1907 Lib.
1811 1875 1851 1907 X.
1881 1874 1969 1921 Cap.

1262 1924 1319 1969 38.
1359 1921 1411 1956 Est
1439 1923 1472 1956 &
1504 1923 1592 1969 apud
1625 1923 1785 1960 Plautum
1817 1923 1853 1957 in
1885 1925 1972 1958 Poe-

1261 1974 1345 2007 nulo
1374 1972 1456 2006 Αδὶ.
1486 1974 1511 2007 Ι.
1540 1975 1636 2008 Scen.
1667 1986 1698 2008 2.
1731 1976 1876 2017 Decipere
1905 1976 1972 2008 Fo-

1260 2025 1342 2058 ved.
1383 2025 1478 2058 Hmc
1509 2026 1689 2058 Burrellare
1708 2051 1717 2066 ,
1750 2037 1811 2070 pro
1842 2024 1971 2067 Decipe-

1261 2088 1317 2115 re,
1355 2074 1560 2108 translatum
1600 2074 1640 2109 ad
1678 2073 1763 2109 alssas
1801 2074 1971 2121 significa-

1261 2124 1376 2160 tiones
1405 2123 1542 2159 affines.
1574 2127 1625 2160 Ita
1655 2125 1804 2161 dicimus
1834 2127 1971 2160 Utellare

1260 2176 1381 2214 almi,
1399 2176 1592 2221 Trappolare
1611 2177 1729 2211 altrui.
1753 2178 1876 2222 Neque
1891 2185 1968 2211 tan-

1261 2228 1334 2262 tum
1365 2224 1466 2268 feris,
1505 2225 1559 2260 sed
1588 2227 1619 2261 &
1651 2225 1852 2262 hominibus
1880 2225 1968 2259 olim

1261 2277 1441 2324 decipulae
1469 2275 1637 2321 ejusmodi
1669 2276 1819 2322 politae.
1850 2275 1967 2309 Habe-

1262 2341 1337 2363 mus
1366 2327 1401 2362 in
1433 2326 1569 2361 Psalmo
1597 2329 1695 2364 LVI.
1726 2325 1806 2362 vers.
1835 2335 1867 2369 5.
1899 2328 1966 2359 La-

1259 2392 1369 2425 queum
1400 2388 1593 2419 paraverunt
1619 2376 1749 2422 pedibus
1777 2376 1869 2409 meis.
1900 2378 1966 2409 Fo-

1259 2432 1370 2464 derunt
1391 2431 1529 2463 Foveam
1549 2439 1622 2462 ante
1647 2427 1754 2468 faciem
1783 2439 1900 2465 meam,
1922 2427 1965 2459 <9⁶

1259 2480 1435 2514 inciderunt
1473 2480 1505 2513 in
1540 2491 1624 2511 eam.
1663 2475 1752 2511 Vide
1788 2478 1819 2510 8(
1861 2475 1965 2513 Isaiae

1258 2530 1349 2581 Cap.
1378 2531 1509 2566 xxw.
1537 2524 1622 2563 vers.
1652 2537 1708 2574 17.
1745 2524 1782 2563 ὃς
1811 2527 1847 2564 in
1883 2527 1964 2563 aliis

1824 2577 1915 2614 Scri-
