2169 3047
195 207 276 244 209
499 179 952 227 DISSERTATIO
994 174 1391 231 TRJGESJMA.
1612 197 1694 225 210

132 262 192 286 tres
219 247 353 292 ejusdem
381 242 570 284 Monafterii
585 269 595 284 ,
631 241 685 275 vel
713 239 798 284 ipsi,
833 240 886 274 vel
921 243 956 276 A
994 237 1176 272 nationibus
1193 260 1203 275 ‚
1232 235 1348 282 aquis,
1384 246 1594 285 aquarumque
1619 243 1752 284 decurfi.

129 312 185 348 per
207 298 306 333 alium
330 295 502 342 poffident‚
525 292 580 326 vel
599 294 638 326 de
662 300 755 325 cetero
780 291 885 337 acqui—

128 350 259 393 sierint,
283 347 380 380 eidem
409 342 561 384 Ecclesiae
584 352 734 389 perpetua
753 340 884 383 flabili-

131 410 197 435 tate
213 410 267 445 per
291 395 406 435 nostrae
424 394 621 429 aucioritatis
646 394 737 426 robur
756 393 799 426 <J
818 404 885 424 mu-

132 450 235 484 nimen
259 445 495 491 confirmamus.
523 446 577 478 Ex
600 443 712 489 quibus
734 444 886 489 quaedam

130 501 277 534 duximus
304 497 499 540 exprimenda
525 495 712 529 vocabulis:
738 493 887 528 videlicet

132 548 345 596 Poff‘effiones,
372 559 448 594 quas
474 545 565 580 habet
593 545 627 579 in
650 543 813 588 praedie‘Zo
839 544 885 577 lo-

131 613 183 639 c0‚
211 600 264 647 qui
289 599 406 633 dicitur
434 595 652 642 Vangaditia,
677 594 723 633 &⁴
750 595 784 628 in
811 595 886 629 Ab·

132 650 248 689 batia,
276 648 321 687 &⁴
350 648 382 682 in
418 647 494 681 aliis
521 645 757 691 quibuscumque
785 644 884 687 locis,

132 701 167 735 in
197 699 384 745 Episcopatu
422 700 554 730 Veronae
591 695 675 739 infra
709 695 886 729 Civitatem
924 693 951 726 B

131 749 269 790 Ecclesia
294 747 408 783 Sanc‘li
433 746 614 781 salvatoris
641 757 708 779 cum
742 744 886 778 omnibus

124 800 194 845 suis
217 793 440 846 pertinentiis,
460 795 505 834 ἔφ’
533 796 566 830 in
594 795 770 838 Barbulio,
790 794 824 829 in
850 797 882 829 I—

130 849 227 891 lasio,
256 849 289 884 in
316 849 496 886 Albareta‚
524 846 557 880 in
584 849 697 889 Porto,
725 845 758 879 in
784 846 884 880 Curia

130 900 262 935 Leniaci
279 926 288 942 ,
317 909 430 933 terram
452 897 570 941 scilicet
595 896 746 930 arabilem
763 923 773 939 ,
807 907 883 942 pra—

131 961 167 985 ta
184 977 192 992 ,
213 950 319 991 silvas
335 976 344 991 ,
367 948 499 993 saliceta
515 975 524 990 ,
552 947 685 980 lutiones
700 973 711 989 ,
737 946 881 981 venatio-

131 1013 210 1044 nes,
235 1001 366 1045 paludes
382 1026 392 1040 ,
417 997 623 1042 piscationes,
651 1010 717 1030 cum
744 998 883 1031 omnibus

123 1049 195 1094 suis
219 1049 416 1096 pertinentiis
437 1049 480 1081 (Ὺ
504 1046 715 1091 adjacentiis,
739 1060 818 1093 quae
839 1047 883 1081 ad

128 1100 258 1134 Curiam
285 1098 415 1134 Leniaci
439 1098 622 1144 pertinent,
658 1096 747 1142 cujus
773 1097 880 1131 termi-

129 1163 202 1183 num
228 1151 323 1183 currit
351 1149 495 1196 superius
521 1157 613 1191 eaput
637 1148 752 1182 Silvae
787 1146 883 1194 ipsius

127 1200 316 1243 Monasterii
335 1201 426 1246 usque
445 1199 479 1233 in
497 1202 689 1242 Tartarum,
716 1211 794 1245 quae
812 1198 880 1232 Sil-

126 1264 171 1284 va
194 1262 322 1286 vocatur
346 1250 506 1295 Gazuolffi
528 1248 574 1286 ὅ)
600 1248 642 1291 est
667 1263 703 1282 ex
722 1249 791 1284 alia
808 1261 879 1293 par—

126 1310 156 1334 te
182 1301 311 1342 Atbests
340 1302 552 1343 salvaterra,
582 1302 685 1333 Rama
710 1302 749 1333 de
777 1302 881 1343 Palo,

126 1352 264 1395 Borseda
281 1379 291 1395 ,
318 1352 479 1390 Torreda,
517 1350 551 1383 in
577 1352 720 1388 Contra,
750 1350 784 1384 in
810 1353 877 1384 Ar-

124 1402 255 1447 quada,
292 1401 325 1435 in
361 1401 527 1446 Rodigio‚
564 1400 596 1434 in
633 1400 824 1439 Ponticnos‘
848 1400 880 1434 in

125 1454 224 1483 Conto
240 1474 251 1489 ,
287 1450 322 1483 in
348 1450 517 1494 squinacio
533 1474 543 1490 ,
576 1449 609 1481 in
637 1450 762 1482 Donino
778 1476 788 1492 ,
816 1453 878 1483 Bo-

125 1499 254 1546 nisagO,
292 1499 325 1533 in
353 1498 540 1541 Μανεεξίο,
577 1497 610 1530 in
636 1500 781 1542 sarzano
798 1525 808 1542 ,
847 1499 879 1532 in

126 1550 324 1596 Mardinago
341 1576 350 1592 ,
389 1552 510 1593 Veneza
539 1559 606 1580 cum
641 1546 783 1581 omnibus
816 1548 881 1590 suis

122 1600 325 1646 pertinentiis
341 1624 351 1639 ,
388 1599 421 1633 in
458 1597 603 1643 Congula
618 1624 627 1640 ,
656 1598 854 1641 Clausurella
870 1622 879 1636 ‚

124 1653 324 1695 Cavezana,
357 1650 526 1696 saguedo‚
564 1649 597 1680 in
626 1648 809 1691 Merlaria,
847 1649 879 1682 in

122 1702 300 1742 Scudacia,
328 1700 361 1733 in
389 1700 507 1741 Pulso,
542 1700 576 1729 in
604 1697 818 1741 Vigbiqzolo,
847 1698 879 1730 in

121 1749 289 1795 Corrigia,
309 1749 342 1783 in
371 1748 482 1790 Villa,
503 1745 536 1779 in
565 1746 658 1788 Este,
681 1747 780 1779 Vallis
809 1748 877 1781 ,Al-

119 1800 251 1842 merici,
287 1799 321 1833 in
359 1795 639 1835 Monte-Silicis,
676 1795 708 1828 in
740 1798 877 1840 Padua,

120 1849 154 1883 in
181 1853 276 1884 Curte
301 1850 339 1883 de
366 1849 488 1890 Piove,
517 1847 550 1880 in
580 1846 668 1880 Villa
694 1849 876 1890 Cornedae,

120 1899 154 1933 in
176 1899 352 1944 Denajolo.
381 1903 466 1934 Haec
486 1898 585 1944 igitur
605 1896 815 1943 supradic‘fa,
836 1898 878 1931 (θ’

121 1961 237 1985 caetera
260 1964 384 1990 omma,
405 1963 482 1997 quae
509 1949 543 1982 in
569 1948 676 1994 aliquo
696 1948 803 1993 Regni
824 1962 876 1982 no-

115 1999 176 2041 stri
212 2003 272 2034 loco
305 2001 450 2047 praefata
482 1998 611 2043 poffidet
639 1998 776 2040 Ecclesia
812 2012 877 2032 cum

122 2049 231 2090 Casis,
248 2051 385 2096 Capellis
399 2076 409 2091 ,
434 2049 567 2084 DecImis
579 2076 588 2092 ,
605 2049 738 2083 Placitis
751 2076 761 2090 ,
778 2051 876 2084 Mer-

122 2099 231 2138 catis,
253 2101 436 2143 Thelonets,
457 2101 574 2143 Ripis,
595 2100 756 2146 Ripaticis
769 2127 780 2143 ,
800 2102 876 2133 Mo—

120 2150 281 2193 lendinis,
301 2150 471 2193 Collec‘i‘ts,
501 2151 568 2185 Viis
593 2151 634 2188 a&
666 2150 790 2193 inviis,
820 2151 876 2185 Vi-

121 2201 206 2240 mis,
228 2201 335 2247 agris,
358 2202 448 2235 terris
472 2201 562 2235 cultis
584 2201 626 2234 Θ·
651 2201 798 2241 incultis,
814 2200 874 2242 sil-

119 2250 195 2290 vis,
218 2250 363 2298 pascuis,
383 2251 558 2292 montibus,
582 2252 798 2298 planitiebus,
817 2266 873 2287 ve-
895 2253 908 2288 l
948 2255 962 2289 l

216 2376 351 2425 Signum
376 2377 496 2413 Domni

217 2581 304 2613 Tarm
333 2582 387 2615 VI.

994 290 1071 332 bus,
1091 286 1269 330 stallariis,
1294 286 1488 332 paludibus,
1505 289 1751 340 piscationibus,

993 338 1145 373 armaniis
1161 362 1171 377 ‚
1207 336 1305 378 tansis
1320 362 1331 376 ,
1367 338 1481 372 bannis
1497 364 1508 382 ,
1535 352 1571 374 ac
1596 342 1723 376 olivetis
1740 372 1750 389 ,

994 388 1152 430 universis¹
1184 388 1457 431 exhibitionibus,
1493 403 1559 423 cum
1589 394 1672 426 omni
1696 394 1751 428 ho·-

993 453 1064 475 nore
1090 438 1136 476 &⁸
1162 438 1334 482 districto,
1364 439 1464 483 salva
1501 451 1604 475 tamen
1632 446 1751 490 Regali

988 490 1119 538 justitia
1132 514 1144 530 ‚
1180 487 1415 534 confirmamus.
1453 493 1534 524 Tum
1561 492 1597 526 id
1622 496 1751 530 Abbati

994 543 1039 580 &⁴
1068 540 1247 582 Ecclesiae,
1282 553 1317 574 ac
1350 540 1415 584 suis
1435 539 1649 587 succefforibus
1665 568 1676 583 ,
1704 545 1752 583 (ἓν

993 605 1093 625 eorum
1128 591 1303 625 hominibus
1338 591 1560 638 indulgemus,
1596 604 1632 627 ut
1668 595 1752 629 nulli

994 643 1067 677 inde
1086 643 1262 688 respondere
1282 652 1464 682 teneantur,
1484 642 1546 684 nist
1564 643 1674 684 nobis,
1693 655 1751 679 aut

994 703 1071 727 certo
1097 691 1195 738 Miffo
1221 691 1318 734 nostro
1342 696 1388 727 acl
1412 693 1465 727 boc
1487 693 1667 739 specialiter
1692 696 1750 729 de-

989 753 1102 790 putato
1128 750 1174 781 (9⁹
1200 742 1371 785 destinato.
1408 744 1620 789 Praecipimus
1649 746 1749 792 igitur

993 794 1112 839 Regali
1137 793 1332 828 auctoritatis
1361 794 1478 836 nostrae
1504 794 1646 834 Edi‘h,
1671 809 1751 843 qua·

993 854 1081 877 tenus
1110 845 1215 878 nullus
1241 844 1524 892 Arcbiepiscopus,
1555 847 1750 891 Episcopus,

992 897 1089 934 Dux,
1116 895 1283 937 ,Marchio,
1305 897 1431 938 Comes,
1461 896 1644 935 Vicecomes,
1667 901 1751 930 Con·-

986 945 1064 989 Jul,
1091 946 1145 978 vel
1171 945 1335 988 Potestas,
1371 947 1425 979 vel
1453 946 1553 979 ullum
1584 950 1751 980 Commune

991 995 1149 1030 Civitatis
1174 996 1309 1041 alicujus
1335 996 1419 1034 loci,
1454 1010 1507 1030 nec
1533 997 1600 1030 ulla
1627 998 1751 1030 omnino

988 1045 1118 1092 persona
1144 1059 1261 1091 magna
1287 1046 1341 1079 vel
1365 1057 1469 1090 parva
1486 1073 1496 1089 ,
1521 1047 1670 1090 secularis
1696 1047 1751 1081 vel

990 1095 1203 1137 Ecclesiastica
1220 1123 1230 1138 ,
1251 1095 1470 1140 fitpradicium
1499 1096 1724 1138 Monasterium
1737 1120 1750 1137 ‚

991 1145 1036 1184 &
1063 1145 1130 1191 ejus
1156 1146 1320 1181 Abbatem
1347 1146 1392 1184 &⁹
1421 1149 1550 1181 Fratres
1578 1145 1623 1185 ὅ)
1650 1147 1751 1182 homi-

991 1209 1043 1230 nes
1070 1198 1103 1231 in
1130 1197 1239 1230 Curris
1271 1194 1444 1244 praedic‘lis
1465 1221 1476 1236 ,
1512 1197 1566 1232 vel
1603 1198 1635 1231 in
1672 1198 1750 1232 ullis

991 1248 1079 1282 rebus
1105 1258 1162 1283 aut
1186 1247 1406 1292 fimcqionibus
1427 1248 1492 1289 fibi
1518 1248 1752 1294 pertinentibus

990 1298 1183 1344 inquietare,
1204 1298 1388 1343 disvestire,
1408 1299 1461 1333 vel
1481 1311 1664 1346 quocumque
1684 1312 1750 1332 mo-

989 1350 1028 1382 do
1054 1349 1212 1390 molestare
1245 1349 1423 1394 praesumat
1443 1375 1452 1384 .
1489 1350 1585 1395 Quod
1612 1349 1646 1391 fi
1680 1349 1751 1396 quis

989 1410 1094 1433 contra
1119 1401 1191 1433 haec
1212 1402 1381 1445 Praecepta
1405 1399 1506 1441 nostra
1524 1399 1634 1433 venire
1656 1410 1750 1446 prae-

985 1449 1171 1494 sumpserit,
1199 1461 1318 1484 centum
1345 1449 1455 1484 Libris
1481 1451 1554 1485 auri
1576 1461 1676 1494 poena
1698 1450 1750 1493 se-

989 1500 1112 1543 riatur,
1139 1513 1218 1546 quae
1244 1500 1395 1535 medietas
1422 1500 1486 1546 ipso
1513 1501 1602 1543 Fisco
1629 1500 1748 1544 nostro,

989 1549 1142 1588 residuum
1161 1553 1286 1585 Abbati
1310 1550 1473 1595 praefatae
1497 1551 1652 1591 Ecclesiae
1675 1562 1748 1597 per-

983 1598 1152 1641 solvatur.
1182 1602 1245 1634 Pro
1270 1612 1397 1644 quorum
1425 1601 1561 1633 omnium
1590 1611 1672 1634 certa
1699 1599 1746 1636 (⁴7

989 1647 1173 1683 inviolabili
1195 1648 1404 1693 obfiervatione
1424 1650 1466 1682 (9¹
1486 1649 1630 1683 memoria
1653 1660 1746 1693 prae-

984 1700 1101 1742 sentem
1134 1700 1286 1745 paginam
1321 1699 1507 1741 Majestatis
1543 1699 1660 1740 nostrae
1690 1699 1746 1733 Si-

984 1749 1065 1795 gillo
1091 1750 1348 1782 communivimus
1375 1749 1502 1789 testibus
1532 1749 1716 1794 subscriptis
1733 1776 1744 1793 ,

987 1799 1042 1845 qui
1056 1799 1133 1842 sunt
1152 1799 1332 1832 Gberardus
1349 1798 1591 1845 salburgbensis
1606 1799 1744 1834 Archie-

984 1849 1125 1895 piscopus
1139 1872 1150 1887 ,
1176 1849 1333 1883 Albertus
1360 1849 1647 1895 Magdeburgensts
1673 1853 1747 1885 Ar-

986 1898 1188 1945 cbiepiscopus
1198 1923 1207 1938 ,
1225 1899 1377 1932 Henricus
1392 1899 1535 1940 Balenfis
1552 1900 1743 1946 Episcopus,

987 1950 1178 1996 Rodigerius
1204 1949 1351 1984 Marchio
1374 1950 1613 1993 Montisferrati
1626 1977 1635 1993 ,
1661 1954 1746 1984 Her-

985 2013 1119 2034 mannus
1145 1999 1292 2034 Marchio
1319 2002 1357 2033 de
1385 2002 1497 2034 Baden
1513 2026 1523 2044 ,
1560 2003 1653 2046 Egno
1682 2003 1746 2034 Co-

985 2063 1047 2084 mes
1072 2053 1111 2084 de
1142 2050 1204 2084 Via
1219 2076 1227 2085 .
1243 2077 1252 2085 .
1269 2076 1278 2085 .
1293 2076 1302 2085 .
1338 2052 1498 2086 Gerardus
1534 2051 1576 2084 (9⁴
1608 2050 1744 2085 Ultricus

986 2104 1091 2135 Comes
1103 2127 1111 2135 .
1124 2127 1132 2136 .
1145 2127 1153 2136 .
1165 2127 1173 2135 .
1198 2101 1373 2145 Anselmus
1391 2101 1508 2135 Curiae
1526 2099 1643 2142 nostrae
1664 2103 1744 2135 Ma-

986 2152 1151 2196 rescalcus,
1179 2151 1355 2186 fridericus
1380 2151 1600 2194 Camerarius,
1624 2153 1742 2185 Berar-

985 2205 1044 2237 dus
1071 2201 1229 2248 Dapiser,
1257 2202 1300 2237 (9¹
1325 2201 1386 2237 alii
1411 2202 1629 2250 quamplures.

839 2379 997 2415 Friderici
1015 2384 1226 2415 Romanorum
1242 2377 1343 2426 Regis
1362 2377 1583 2423 invic‘t‘iffimi,
1602 2377 1646 2414 ξφ
1657 2377 1740 2424 fim-

928 2442 985 2478 per
1009 2430 1174 2479 Augusti,
1201 2431 1244 2465 (9⁶
1269 2429 1370 2477 Regis
1395 2428 1544 2465 Siciliae.

1331 2531 1448 2566 Locus
1475 2531 1517 2573 ’Β
1546 2526 1682 2576 Sigilli.

1097 2583 1131 2616 O
1617 2580 1689 2624 Ego
