2169 3047
257 225 279 265 8
323 237 338 265 ῑ

250 239 313 317 ‘114⁵D
338 279 529 329 Stephanus
561 277 598 313 in
631 278 769 314 Lexico
807 278 966 315 animad-

251 342 454 370 verterunt.
476 332 633 365 Bardaeos
656 328 755 364 fuiffe
783 329 964 375 Illyricam

251 391 390 431 gentem
418 380 580 420 efferam,
607 393 696 427 quae
725 380 864 414 Italiam
895 393 964 416 non

251 432 354 467 semel
401 432 565 478 populata
607 430 676 466 est.
719 430 886 466 Vatinius
928 432 964 466 in

249 481 355 529 Epist.
381 482 421 516 ad
446 483 654 517 Ciceronem
679 482 761 519 Lib.
779 484 823 517 V.
844 494 879 529 9.
902 483 966 517 Di-

250 533 331 567 citur
358 533 437 566 mrht'
464 543 534 566 tuus
563 533 667 573 servus
703 533 886 580 anagnostes
909 533 964 576 fu·
989 542 992 556 ⁸

248 584 376 630 εἰεί-ωας
403 597 468 617 cum
498 584 648 618 Vardaei,
678 582 734 628 effe
761 583 831 621 ἶφι.
857 583 965 627 Profit-

250 632 301 668 δῖ)
323 633 383 668 tibi
402 634 494 668 illum
517 635 686 680 rep-eriam,
706 634 811 676 nisisi
831 634 863 668 in
883 635 965 668 Dal-

251 684 383 718 matiam
427 685 586 730 aufugerit
606 711 615 721 .
664 684 780 720 Plinio
825 698 965 732 quoque

250 734 335 770 Lib.
366 747 398 781 3.
428 737 515 783 Cap.
553 747 611 771 22.
641 744 879 771 memorantur
908 746 965 779 po·
989 760 994 781 ,
1014 733 1039 767 B

247 785 409 828 palatorrs
448 789 604 833 quondam
648 788 762 821 Italtae
804 785 965 821 Vardaei.

252 833 376 883 Itaque
405 849 473 871 non
503 850 521 872 a
548 838 715 879 Guardia‚
743 836 798 872 sed
827 836 895 871 alia
922 849 963 871 ex

253 888 367 921 cau⁴sfi
395 888 537 922 Bardaei
563 887 599 923 ὅ(
632 888 768 922 Vardaei
796 886 963 935 appellati

251 935 411 972 Mariani
441 938 556 975 Servi.
587 938 670 973 idest
703 939 849 984 Sgberri.
880 940 963 971 Bar-

250 988 337 1023 daici
376 989 488 1022 cuculli
530 988 611 1024 inde
652 1002 778 1024 nomen
817 987 963 1023 sumfiffe

251 1050 361 1085 nuper
390 1039 533 1074 laudato
564 1038 727 1075 Salmafio
757 1038 963 1074 creduntur.

249 1090 298 1123 Et
328 1087 424 1124 sicuti
455 1089 477 1123 si
507 1089 688 1136 quisquam
721 1102 812 1124 nunc
840 1087 961 1135 opina—

248 1148 345 1173 retur
358 1163 367 1177 ,
386 1153 425 1173 ex
444 1139 657 1173 Germanico
676 1142 780 1181 Bm,
800 1137 854 1173 seu
877 1141 960 1171 Bar—

248 1197 300 1230 ce,
324 1189 462 1222 securim
490 1187 609 1234 (nunc
635 1188 832 1236 Alabarda)
859 1187 961 1233 figni—

248 1236 402 1280 fiante,
423 1237 577 1274 inditum
607 1238 706 1274 fuisse
726 1252 853 1274 nomen
881 1242 958 1273 Bar—
992 1220 999 1473 1

1006 1181 1040 1218 C

250 1289 361 1331 dacis,
380 1287 470 1334 quasi
487 1289 702 1323 Alahardieri
721 1288 874 1333 fuerint,
895 1289 961 1324 mi-

253 1337 349 1373 nime
375 1337 411 1372 id
438 1338 538 1372 nobis
564 1338 800 1385 persuaderet:
830 1339 881 1373 ita
904 1352 961 1373 ne—

252 1401 320 1435 que
363 1386 642 1423 subscribendum
686 1388 731 1423 est
772 1388 964 1425 sentienti.

252 1451 296 1474 ex
316 1438 470 1473 Bardaet's
489 1437 695 1473 descendisse
715 1451 843 1475 nomen
860 1442 963 1475 Guar-

252 1489 330 1532 dia,
358 1487 535 1524 Satellites
561 1490 594 1523 &
617 1488 781 1525 Custodes
809 1490 964 1538 corporis

254 1539 474 1587 significans.
517 1539 624 1575 Unde
665 1553 748 1588 ergo
788 1541 966 1575 Guardia?

254 1590 331 1626 Post
367 1598 423 1625 tot
459 1589 548 1626 alios
575 1591 608 1626 8<
646 1604 711 1639 ego
750 1604 792 1627 ex
820 1594 965 1627 Germa-

252 1641 335 1677 nico
364 1643 496 1676 Warten
534 1640 648 1688 (apud
677 1642 842 1690 antiquos
869 1644 965 1678 Teu-
1014 1646 1045 1679 D

253 1700 355 1727 tones
382 1692 552 1740 VVardavnj
581 1691 798 1740 significarim
823 1694 966 1732 Intueri,

255 1744 389 1781 Videre,
414 1752 555 1778 enatum
581 1756 677 1778 reor.
705 1742 791 1779 Inde
815 1743 964 1779 nostrum

255 1793 445 1832 Guurdan,
483 1792 651 1838 Hispanis
687 1806 826 1842 quoque
863 1793 966 1830 fami—

255 1844 369 1887 liare,
399 1841 437 1878 &
464 1843 644 1879 Gallicum
673 1846 814 1881 Garder.
851 1847 967 1881 Tran-

256 1895 346 1930 slata
372 1906 442 1929 vox
469 1893 508 1929 ad
539 1893 712 1931 militares
739 1896 903 1932 excubias
928 1895 968 1930 fi-

257 1943 466 1993 gnificavst,
503 1945 537 1980 &
566 1944 676 1980 adhuc
704 1945 876 1995 fignificat
902 1950 967 1981 Cu-

251 1995 388 2038 stodire.
415 1994 575 2031 Gallicae
603 1995 763 2043 Linguae
788 1998 853 2033 effe
880 1997 970 2033 dici-

259 2054 318 2081 tur
345 2046 529 2080 vocabulum
555 2046 742 2082 adverbiales
770 2047 837 2083 hoc
865 2052 971 2083 Gare:
994 2065 997 2105 1
1051 2060 1054 2066 ·

257 2108 326 2143 qua
363 2108 486 2144 nempe
514 2110 600 2132 voce
638 2107 826 2134 monentur
853 2099 969 2134 viato-
994 2100 1044 2149 lE

257 2159 333 2189 res,
370 2156 410 2182 ut
445 2160 464 2182 a
504 2147 660 2195 periculo
696 2148 758 2184 fibi
796 2159 970 2193 caveant,

257 2196 407 2232 dicendo
434 2200 517 2232 Gare
553 2199 582 2232 le
607 2210 717 2246 corps,
744 2203 827 2234 Gare
853 2199 970 2236 l’eau.

256 2249 355 2284 Haec
399 2248 624 2292 furnerius,
662 2249 723 2295 qui
766 2249 804 2286 ἃ,
846 2250 968 2286 addit:

254 2301 300 2332 C:
334 2308 395 2333 mot
416 2299 502 2343 selon
538 2299 701 2343 Saumaise
728 2300 824 2348 (quo
856 2300 972 2336 nomi·
996 2266 999 2353 l

257 2360 301 2384 ne
339 2347 520 2384 Salmasius
558 2349 776 2399 designatur)
811 2351 902 2385 vient
937 2353 999 2394 dei

264 2400 381 2433 rarare
409 2401 508 2434 Latin
536 2399 609 2438 &c.
647 2401 741 2436 Mira
778 2401 835 2437 illi
873 2402 973 2437 nobis

262 2457 427 2484 narrant.
464 2449 569 2485 Nihil
600 2451 695 2487 aliud
723 2451 767 2487 est
794 2452 971 2487 Gallicum

263 2502 368 2542 Care,
398 2499 461 2535 nisi
492 2502 619 2545 carde,
648 2501 702 2537 seu
729 2513 822 2549 prens
848 2504 974 2545 Cende,

259 2548 329 2589 hoc
357 2550 402 2587 est
431 2550 598 2588 Italicum
634 2555 785 2589 Guarda.
816 2555 909 2591 Nam
937 2552 974 2591 &

539 217 908 264 DJsSERTATJO
939 215 1471 315 YRZQESJMAYERTJAE

1694 218 1777 273 842

1124 291 1187 314 nos
1223 276 1291 312 hoc
1326 274 1478 311 dicimus
1495 302 1506 320 ,
1544 274 1716 313 monituri
1754 288 1840 325 gen-

1125 338 1194 366 tem
1210 356 1219 372 ,
1241 336 1279 363 ut
1304 325 1418 362 evitet
1439 339 1601 369 currum,
1622 339 1748 375 equum
1763 353 1772 369 ,
1794 325 1842 362 li·

1124 392 1232 428 gnum
1249 379 1315 413 &c.
1335 376 1404 413 five
1424 375 1594 412 custodiat
1614 386 1717 425 eaput
1730 404 1739 420 ,
1763 390 1842 413 cru-

1124 443 1182 474 ra,
1208 441 1331 473 corpus
1359 428 1401 464 ab
1429 427 1636 464 imminenti
1663 426 1840 476 periculo.

1072 481 1193 517 Guari.
1237 480 1400 515 Multum.
1444 479 1605 515 Bet-tetus
1645 491 1663 513 a
1702 479 1839 514 Graeco

1125 531 1319 587 ΟἍῖγος,
1341 551 1492 584 parvus;
1518 538 1704 587 Menagius
1729 551 1746 573 a
1768 539 1841 574 La-

1125 591 1204 626 tino
1241 592 1390 625 Avarius
1408 603 1426 633 ,·
1461 603 1478 625 a
1519 591 1619 624 Valde
1661 589 1838 625 Ferrarius

1126 641 1350 677 derivarunt.
1384 642 1489 686 'Quot
1526 640 1745 680 sententiae,
1784 649 1840 676 tot

1126 692 1283 735 somnia,
1311 692 1436 740 quibus
1475 691 1641 727 Lefflores
1678 690 1838 726 detinen-

1127 751 1203 778 tur.
1242 744 1366 790 Neque
1405 742 1544 778 felicior
1579 742 1704 791 opinio
1743 741 1837 776 Petri

1127 793 1252 828 Bembi
1291 793 1514 837 Cardinalis,
1542 793 1602 841 qui
1640 806 1659 828 a
1689 792 1839 828 Provin-

1128 843 1272 879 cialium
1299 843 1440 893 Lingua
1465 843 1503 880 in
1527 843 1665 879 Italiam
1696 842 1840 890 migras-

1128 893 1161 930 se
1185 895 1287 930 Guari
1313 896 1523 930 arbitratur.
1549 896 1631 930 Vox
1658 893 1717 929 ista
1745 893 1836 929 nihil

1129 945 1224 980 aliud
1253 943 1343 981 mihi
1381 944 1554 985 creditur,
1585 944 1646 980 nifi
1677 947 1744 979 Gar
1781 944 1842 980 ad·-

1130 995 1289 1031 verbium
1330 997 1613 1039 Germanorum,
1655 1005 1760 1043 atque
1804 1007 1841 1030 e-

1129 1046 1217 1081 tiam
1242 1046 1278 1082 in
1303 1059 1420 1082 eorum
1446 1046 1586 1094 Lingua
1613 1045 1840 1093 primitivum

1129 1105 1234 1143 atque
1261 1097 1540 1135 ufitatiffimum‚
1569 1097 1661 1144 quod
1695 1097 1842 1130 Multum

1129 1144 1321 1193 fignificat.
1349 1149 1421 1180 Non
1449 1147 1491 1181 ba
1518 1147 1621 1181 Guari
1655 1146 1747 1180 idem
1777 1159 1842 1181 no-

1130 1196 1182 1231 bis
1210 1195 1277 1240 est,
1305 1209 1343 1231 ac
1372 1199 1445 1231 Non
1480 1196 1522 1230 ha
1558 1196 1682 1230 Malta.
1719 1198 1841 1243 Atque

1130 1246 1211 1283 inde
1232 1246 1329 1283 suum
1356 1250 1457 1281 Guere
1481 1255 1617 1282 traxere
1639 1245 1757 1281 Galli.
1783 1246 1843 1281 Ad

1129 1298 1219 1333 hanc
1248 1311 1371 1333 vocem
1396 1297 1596 1332 Fureterius
1624 1297 1695 1332 ait:
1723 1299 1845 1331 Mena-

1126 1362 1167 1394 ι,ξε
1193 1350 1222 1381 le
1248 1348 1362 1381 deriva
1396 1348 1435 1380 de
1461 1346 1484 1379 l’
1500 1348 1617 1381 Italien
1652 1350 1778 1387 Guure,
1806 1360 1845 1381 ou

1130 1401 1169 1432 de
1195 1396 1358 1432 l'Hebreu
1394 1399 1501 1436 Gara,
1529 1397 1585 1443 qui
1616 1395 1744 1443 fignifte
1774 1401 1845 1432 Re-

1130 1448 1298 1484 trancber.
1336 1447 1454 1484 Habes
1495 1446 1574 1483 heic
1615 1448 1845 1496 Etymologi-

1131 1499 1255 1535 starum
1292 1497 1588 1548 inconstantiam3
1616 1511 1697 1535 nam
1734 1512 1845 1547 nuper

1132 1549 1321 1598 Menagius
1362 1548 1553 1585 deducebat
1592 1548 1680 1584 hanc
1717 1562 1842 1586 vocem

1132 1601 1174 1636 ab
1209 1600 1382 1637 Avarius.
1414 1600 1532 1634 Habes
1568 1599 1676 1634 etiam
1712 1599 1843 1642 itinera

1131 1651 1199 1687 huc
1235 1652 1270 1686 &
1307 1650 1394 1687 illuc
1431 1650 1473 1685 ab
1509 1649 1554 1685 iis
1591 1648 1765 1698 suscepta,
1803 1659 1844 1687 ut

1131 1702 1320 1739 verborum
1355 1700 1531 1751 originem
1571 1699 1764 1748 detegant,
1801 1714 1844 1737 eo

1132 1753 1320 1802 negle&o‚
1358 1751 1452 1801 quod
1489 1750 1591 1787 unice
1628 1760 1702 1788 erat
1737 1750 1844 1788 susci-

1132 1804 1319 1854 piendum.

1084 1861 1272 1898 Guarnaca,
1311 1855 1530 1892 Guarnaeeia.
1572 1852 1684 1889 Vestis
1724 1852 1845 1890 talaris

1134 1920 1262 1956 genus,
1290 1906 1428 1943 fortasse
1464 1909 1575 1953 Toga,
1605 1912 1664 1940 aut
1700 1907 1844 1940 Trabea.

1133 1957 1303 1995 Meurfius
1341 1971 1359 1993 a
1395 1959 1608 1993 Graecorum
1647 1954 1845 2003 posterioris

1132 2018 1210 2054 aevi
1232 2031 1318 2054 voce
1338 2006 1579 2064 Γρανοὶτζοι,
1596 2014 1664 2050 hoc
1694 2014 1739 2050 est
1761 2017 1846 2049 Gra-

1132 2080 1253 2116 natza,
1282 2066 1500 2117 significante
1537 2065 1664 2101 vestem
1701 2065 1743 2100 ab
1771 2067 1846 2100 Im-

1132 2118 1349 2167 peratoribus
1381 2115 1524 2152 Graecis
1561 2114 1782 2153 adhibitam,
1811 2116 1846 2150 1-

1129 2169 1277 2207 talicum
1319 2167 1539 2205 Cumania,
1576 2179 1669 2202 nune
1707 2165 1847 2202 obsole-

1129 2230 1230 2260 tum,
1255 2219 1385 2256 traxit.
1415 2216 1606 2254 Laudanda
1632 2216 1755 2264 utique
1782 2216 1846 2252 do-

1130 2271 1180 2307 sti
1209 2271 1278 2307 viri
1317 2268 1538 2319 conjefiura.
1577 2269 1750 2303 Attamen
1785 2266 1846 2302 ad-

1130 2321 1244 2357 ditum
1274 2322 1380 2365 volo,
1408 2318 1565 2367 antiquis
1590 2318 1733 2355 Latinis
1761 2316 1846 2353 fuis-

1129 2371 1163 2408 se
1184 2376 1346 2415 Gonnum,
1365 2384 1452 2420 quae
1473 2383 1545 2406 vox
1564 2368 1603 2405 &
1627 2368 1716 2417 apud
1736 2370 1846 2404 Grae-

1132 2437 1189 2459 cos
1217 2423 1393 2462 occurrit,
1421 2420 1462 2456 ad
1493 2419 1754 2470 significandam
1784 2432 1845 2454 ve-

1131 2473 1187 2509 stis
1215 2474 1386 2522 speciem.
1417 2472 1588 2507 Varronis
1625 2471 1729 2506 verba
1766 2469 1846 2507 sunt

1131 2525 1214 2561 Lib.
1241 2537 1276 2571 4.
1304 2525 1345 2559 de
1373 2522 1548 2570 Legibus:
1580 2525 1748 2563 Caunum,
1777 2535 1847 2556 ma-

1126 2574 1184 2623 jus
1206 2575 1343 2623 sagum,
1368 2574 1411 2608 Θ·
1436 2572 1683 2621 Amphimallon
1707 2574 1847 2613 Graeca.

1704 2625 1794 2660 Gua-
