2169 3047
212 216 292 256 ²05
510 194 965 238 DISSERTATIO
1017 193 1416 238 TRIGESIMA.
1637 211 1718 244 105

152 261 236 296 ciant
259 259 368 303 jurare
393 255 562 296 Arbitris,
586 256 642 302 qui
666 265 722 298 pro
749 256 909 288 Mantua-
944 257 976 289 A
1013 254 1067 288 vel
1088 255 1306 289 detrimentum
1331 254 1364 288 in
1387 254 1525 301 perfhnis
1544 254 1591 294 &
1615 274 1709 294 avere
1731 262 1776 296 ei,-

152 311 201 344 nis
227 318 317 343 erunt
344 306 490 342 Ferrarie
506 334 514 346 ,
553 308 635 353 quod
666 306 786 350 sacient
813 305 910 338 ratio-

151 373 219 394 nem
246 356 438 393 Mantuanis
454 384 464 400 ,
494 356 591 398 sicuti
616 356 764 399 Consules
791 358 907 390 Ferra-

151 411 196 444 rie
216 410 339 453 faciunt
360 407 634 449 ferrariensibus,
656 409 751 453 salvo
773 422 805 442 eo
830 409 910 454 quod

143 460 265 505 semper
291 469 455 493 teneantur
481 459 514 492 in
547 460 711 500 omnibus,
747 470 783 494 ut
819 461 910 504 (upra

148 510 283 556 legitur.
313 512 361 544 Et
380 508 412 551 fi
436 510 570 545 Arbitri
597 523 656 544 non
683 509 797 557 effent,
825 514 906 545 Con—

143 560 231 606 sules
257 571 422 595 teneantur
449 564 496 596 ita
520 561 618 603 facere
645 563 814 598 rationem.

200 613 279 645 Item
302 610 328 652 si
347 612 427 657 quod
449 612 620 656 dampnum
645 614 699 647 vel
723 612 908 657 maleficium

143 660 270 705 saelum
293 661 390 705 fuerit
417 662 671 703 Ferrariensihus
700 679 720 699 a
748 667 902 700 Mantua-

148 712 219 750 nis,
241 712 284 744 (9¹
304 722 429 750 contra,
459 712 597 757 quando
628 714 817 750 Mantuani
848 729 903 751 ve-

147 770 274 795 nerunt
306 762 495 796 Ferrariam
535 775 613 797 cum
651 764 807 800 exercitu
846 780 907 808 pro

147 811 307 846 Domino
346 813 468 847 Azone
505 812 717 850 Man-chione
755 815 907 860 Estenfi,

147 871 274 901 euntes,
297 862 442 904 stantes,
469 862 514 902 ὠ·
543 866 724 905 redeuntes,
751 867 835 901 nibil
860 882 907 903 re-

148 912 294 958 quiratur
317 927 336 946 a
359 914 523 947 Communi
548 915 602 948 vel
627 916 752 956 diviso,
778 931 829 952 nec
855 932 906 955 ra-

149 963 195 995 tio
223 962 295 996 inde
313 961 403 1006 fiat,
431 963 477 1002 ψ’
503 965 542 998 de
568 978 600 998 eo
621 965 666 1005 fit
684 966 768 1010 finis
785 994 793 1003 .
830 971 907 1004 Item

145 1011 256 1058 jurent
288 1013 389 1056 facere
424 1014 588 1049 exercitum
624 1018 819 1052 Mantuanis
859 1019 907 1054 bis

148 1062 182 1096 in
209 1076 290 1097 anno
316 1065 514 1098 communiter
541 1079 606 1099 cum
631 1069 749 1110 Populo
776 1071 818 1102 (9·
845 1070 906 1104 mi-

146 1112 224 1147 litia
240 1140 247 1152 ,
270 1113 302 1154 si
326 1116 367 1148 ab
392 1114 436 1148 eis
469 1115 603 1161 petitum
634 1117 755 1161 suerit,
783 1122 907 1166 quando

144 1164 325 1197 Mantuani
351 1165 509 1199 voluerint
542 1177 653 1213 ponere
689 1167 722 1203 in
761 1183 792 1204 eo
818 1173 905 1212 loco,

142 1214 197 1248 ubi
227 1214 414 1249 voluerint:
443 1217 487 1250 (9⁶
512 1228 568 1260 por
595 1220 811 1267 quadraginta
838 1222 906 1257 dies

135 1263 205 1308 suis
241 1265 378 1310 expensis
411 1266 547 1302 debeant
576 1268 661 1310 flare
692 1270 818 1315 secum,
858 1272 905 1312 &⁴

135 1313 212 1359 suas
232 1316 364 1350 rationes
387 1320 430 1351 (9-
449 1318 537 1364 quasi
559 1318 746 1365 poffcffiones
770 1323 815 1357 eis
834 1337 905 1358 eon-

141 1373 193 1399 tra
218 1378 320 1400 omnes
347 1367 481 1402 homines
508 1369 689 1415 defensare,
721 1372 905 1416 defendere,

145 1413 190 1452 &⁵
213 1427 410 1451 manutenere
430 1428 615 1456 teneantur.
643 1424 720 1456 Item
740 1425 822 1468 quod
846 1438 905 1459 non

147 1465 279 1499 debeant
302 1466 401 1508 facere
435 1478 538 1511 pacem
565 1482 630 1502 cum
657 1473 904 1518 Sallinguerra‚

146 1527 200 1548 nec
225 1528 291 1548 cum
318 1516 394 1550 aliis
421 1518 459 1551 de
481 1517 542 1561 sua
566 1528 681 1561 parte,
709 1534 762 1555 nec
786 1536 833 1556 eos
857 1537 906 1558 re-

144 1564 264 1611 cipere,
292 1565 353 1605 nisi
370 1567 515 1601 venerint
535 1570 578 1603 ad
597 1569 676 1604 hanc
694 1574 904 1618 concordiam,

146 1614 192 1653 ό*
221 1615 274 1650 boc
298 1617 520 1658 sacramentum
548 1619 694 1660 fecerint.
721 1624 905 1658 ferrarien-

136 1666 187 1711 ses
226 1667 386 1712 excipiunt
424 1670 657 1713 Bunonimses,
696 1675 904 1718 Veronenses,

144 1717 370 1759 Mutinenses‚
403 1719 508 1760 salvis
538 1719 738 1759 sacramentis
755 1749 764 1763 ‚
793 1725 905 1768 quibus

141 1774 285 1800 tenentur
305 1766 371 1808 eis,
397 1766 443 1805 ῤ’
472 1768 631 1804 Domino¹
655 1771 773 1808 Azoni
805 1773 905 1809 Mar-

142 1814 262 1851 chioni
280 1842 289 1851 .
326 1819 506 1854 Mantuani
533 1820 692 1867 excipiunt
716 1825 902 1859 Cremonen-

135 1865 182 1911 ses
200 1894 210 1909 ,
233 1869 437 1913 Veronenses,
458 1874 499 1904 (9
521 1872 740 1915 Mutinenses‚
761 1873 807 1912 ἐφ’
831 1877 903 1910 Do—

141 1915 279 1952 minum
309 1919 554 1958 Marchionem
584 1924 747 1959 Azonem
786 1925 902 1962 Esten-

144 1966 239 2011 sem,
275 1967 322 2007 &⁵
350 1971 421 2005 illos
450 1978 489 2006 de
521 1983 615 2016 parte
636 1974 720 2017 sua.
757 1978 903 2012 Venetias

142 2018 298 2062 excipiunt
333 2023 532 2057 communiter
551 2047 563 2063 ,
600 2024 648 2060 ita
682 2035 786 2060 tamen
822 2029 904 2074 quod

138 2066 169 2108 st
197 2069 407 2114 Ferrarienses
442 2087 501 2108 non
538 2074 621 2110 irent
656 2077 825 2117 Venetias‚
859 2083 903 2113 Ο·

142 2117 186 2152 eis
214 2119 473 2163 inimicarentur,
506 2125 620 2170 poffint
652 2137 707 2173 per
730 2128 823 2171 suum
848 2129 901 2163 di'-

138 2167 284 2210 stric‘lum
312 2173 508 2208 Mantuanis
532 2176 694 2221 probibere
718 2178 786 2221 ire,
809 2178 840 2220 li
863 2193 900 2215 a-

144 2219 201 2252 liis
236 2220 411 2257 bominibus
440 2227 650 2262 Lombardiae
680 2228 902 2273 prohiberent.

144 2270 224 2304 Item
246 2272 457 2314 permittant,
481 2276 618 2310 homines
646 2280 824 2321 Mantuae,
846 2281 902 2327 qui

142 2319 259 2354 babent
283 2321 470 2368 poffeffiones
506 2325 540 2359 in
568 2327 757 2374 Episcopatu
784 2334 901 2367 Ferra-

142 2372 211 2405 riae
226 2397 236 2413 ‚
261 2373 381 2417 fruHus
406 2388 507 2410 omnes
534 2386 686 2412 terrarum
711 2379 808 2414 libere
829 2392 900 2427 por-

141 2430 234 2456 tare.
270 2426 348 2458 Item
378 2439 438 2460 non
465 2427 599 2462 debeant
626 2428 672 2462 ire
694 2440 751 2476 per
775 2433 900 2465 Bonde-

143 2485 197 2506 nos
223 2486 289 2508 cum
324 2476 435 2523 aliqua
473 2478 703 2524 negotiatione,
740 2479 785 2518 &¹
808 2480 842 2521 fi
868 2481 902 2515 in

145 2522 189 2557 eis
223 2525 453 2574 reperirentur,
488 2529 533 2565 (9‘
566 2531 738 2577 dampnum
772 2531 903 2580 aliquod
929 2563 930 2566 ,

1014 305 1147 339 accidere
1163 316 1218 350 per
1237 318 1455 352 quamcumque
1472 307 1632 352 personam
1648 311 1700 354 seu
1718 323 1773 358 per

1015 357 1233 399 Mantuanos,
1255 356 1435 391 Mantuani
1461 369 1521 390 non
1548 368 1712 395 teneantur
1729 363 1774 397 eis

1008 405 1215 450 satisfacere,
1251 420 1304 441 nec
1338 418 1460 453 operam
1489 408 1566 443 dare
1594 412 1638 444 ad
1673 412 1773 456 ipsam

1014 458 1137 490 robbam
1164 459 1422 500 recuperandam.
1452 460 1530 493 Item
1557 473 1617 494 non
1644 471 1772 498 tenean-

1014 517 1066 541 tur
1092 508 1135 540 eis
1163 507 1317 549 restituere
1350 509 1481 556 aliquod
1514 512 1712 554 dampnum,
1742 513 1773 553 fi

1013 560 1094 603 quod
1120 558 1163 591 eis
1189 559 1339 593 accideret
1358 559 1392 593 in
1412 562 1508 595 Curte
1534 563 1710 610 Gunzagae
1730 565 1774 597 (9‘

1015 610 1225 655 Pigognage,
1261 608 1307 647 &⁴
1345 610 1504 656 utriusque
1538 614 1711 658 Bondeni,
1741 612 1773 655 fi

1013 660 1090 704 quid
1116 660 1194 693 mali
1219 661 1369 694 accideret
1405 661 1437 694 in
1467 662 1558 696 terris
1586 663 1654 697 illis
1669 677 1689 706 ;
1724 674 1773 698 te-

944 706 970 739 B
1012 720 1145 743 neantur
1167 720 1271 744 tamen
1293 712 1374 745 hond
1392 711 1459 756 fide
1482 724 1603 759 operam
1629 717 1704 749 dare
1728 715 1772 750 ad

1013 759 1110 805 ipsam
1130 766 1386 805 recuperandam.
1416 764 1492 797 Item
1521 777 1581 797 non
1607 775 1773 800 teneantur

1013 812 1192 844 Mantuani
1222 811 1378 854 restituere
1410 813 1463 856 seu
1490 816 1651 850 emendare
1678 817 1772 850 dam-

1010 870 1106 906 pnum
1123 887 1132 903 ,
1161 860 1195 902 fi
1219 866 1302 908 quod
1327 863 1370 897 eis
1395 863 1548 898 accideret
1571 865 1605 899 in
1638 867 1773 911 paludi-

1011 912 1066 944 bas
1090 926 1110 945 a
1133 914 1268 947 Burana
1289 913 1381 959 usque
1404 915 1610 949 Gabianam:
1630 916 1687 960 sed
1710 916 1772 950 da—

1012 974 1042 994 re
1067 963 1148 995 bend
1168 961 1237 1005 fide
1260 975 1382 1009 operam
1400 966 1444 998 ad
1465 964 1564 1010 ipsam
1589 976 1772 1010 recuperan-

1010 1013 1103 1046 dam.
1132 1015 1180 1046 Et
1203 1014 1385 1048 Mantuani
1405 1013 1450 1052 ά*
1476 1016 1691 1061 ferrarienses
1712 1016 1771 1062 ju-

1011 1072 1152 1096 ramenta
1177 1064 1352 1098 concordiae
1379 1065 1531 1099 innovent
1562 1077 1619 1112 per
1643 1067 1772 1113 singula

1010 1113 1225 1159 quinquennia
1236 1141 1250 1157 ,v
1267 1115 1323 1148 vel
1335 1114 1368 1156 fi
1385 1115 1573 1150 concorditer
1587 1117 1772 1157 voluerint,

940 1164 972 1198 C
1008 1163 1063 1197 vel
1088 1177 1154 1199 una
1177 1164 1321 1211 partium
1351 1166 1512 1210 petierit;
1535 1169 1693 1202 concordia
1719 1178 1772 1203 ta-

1009 1227 1077 1248 men
1105 1214 1138 1248 in
1167 1215 1308 1250 omnihus
1335 1217 1484 1264 capitulis
1510 1228 1582 1253 rata
1608 1218 1773 1262 consistat,

1008 1265 1081 1299 licet
1096 1264 1278 1310 juramenta
1297 1280 1357 1301 non
1375 1268 1501 1312 suerint
1520 1268 1694 1304 innovata.
1720 1272 1768 1304 Et

1004 1314 1034 1357 si
1058 1317 1097 1350 de
1123 1319 1274 1352 commum·
1299 1319 1457 1354 concordia
1492 1318 1539 1356 ἔφ’
1565 1318 1684 1366 assensu
1710 1321 1771 1354 Ci-

1007 1366 1124 1402 vitatis
1151 1368 1316 1414 utriusque*
1346 1369 1476 1416 aliquod
1504 1370 1559 1404 vel
1592 1371 1703 1417 aliqua
1728 1372 1768 1404 de

1005 1417 1180 1463 praedic‘lis
1207 1418 1357 1464 capitulis
1392 1420 1625 1460 minuerentur,
1650 1421 1705 1455 vel
1730 1435 1770 1456 a·

1008 1468 1118 1513 liquori
1142 1469 1197 1502 vel
1223 1469 1334 1516 aliqua
1363 1471 1504 1517 capitula
1534 1470 1767 1518 jungerentur,

1011 1518 1207 1560 Uni-versitas
1233 1519 1392 1566 utriusque
1418 1520 1465 1559 &⁹
1493 1520 1619 1568 singuli
1649 1522 1768 1569 integre

1004 1568 1132 1612 servare
1158 1579 1343 1613 teneantur,
1364 1569 1410 1607 &¹
1430 1570 1483 1604 boc
1507 1572 1668 1615 obfiervent
1687 1575 1772 1606 Fer-

942 1617 976 1650 D
1009 1618 1160 1662 rarienfies
1184 1628 1350 1665 perpetuo.
1382 1620 1597 1665 ferrarienses
1622 1621 1770 1668 obligant

1010 1670 1205 1703 Mantuanis
1241 1680 1299 1716 pro
1333 1669 1526 1717 supradibiis
1566 1671 1769 1716 observandis

1010 1719 1185 1753 Melariam
1206 1719 1248 1753 (9¹
1268 1721 1506 1767 Bragantinum
1525 1734 1595 1755 cum
1609 1722 1679 1765 suis
1693 1733 1769 1768 per-

1009 1768 1179 1804 tinentiis.
1205 1771 1387 1805 Mantuani
1413 1771 1559 1817 obligant
1585 1772 1769 1806 Ferrarien-

1003 1818 1091 1860 sibus
1118 1819 1262 1861 Castrum
1289 1821 1394 1867 Burgi
1420 1821 1541 1856 Franci
1566 1820 1613 1859 &³
1640 1824 1769 1857 Curtem

1008 1883 1076 1904 cum
1102 1870 1245 1905 omnibus
1265 1870 1334 1915 suis
1357 1871 1586 1916 pertinentiis,
1613 1871 1660 1911 &⁴
1686 1876 1771 1908 Car-

1008 1920 1174 1956 bonariam
1198 1934 1269 1956 cumv
1299 1921 1441 1957 omnibus
1470 1922 1541 1967 suis
1567 1924 1771 1969 pertinentiis

1008 1971 1101 2018 usque
1126 1973 1170 2007 ad
1197 1972 1335 2008 Moliam
1363 1973 1596 2018 Lombardiae‚
1624 1975 1677 2008 hoc
1697 1974 1770 2019 sal—

1008 2036 1050 2057 vo
1068 2025 1151 2069 quod
1168 2022 1199 2064 li
1217 2023 1368 2058 cambium
1393 2037 1451 2058 non
1471 2024 1634 2059 videretur
1651 2037 1770 2071 aequa·

958 2092 960 2095 f
1008 2074 1038 2107 le
1065 2074 1098 2107 in
1126 2073 1175 2108 his
1201 2074 1298 2114 locis,
1316 2074 1464 2110 arbitrio
1492 2075 1641 2111 Domini
1670 2077 1772 2111 Mar-

1010 2123 1149 2160 chionis
1171 2124 1341 2172 suppleant
1373 2127 1578 2162 Mantuani.
1613 2129 1661 2161 Et
1688 2129 1770 2161 Fer-⁷

1009 2175 1158 2219 rarienses
1184 2177 1228 2210 (9·
1253 2177 1392 2219 Potestas·
1417 2177 1584 2212 Ferrariae
1611 2177 1658 2217 &³
1684 2180 1771 2212 Con-

1004 2226 1086 2270 sules
1112 2227 1197 2261 omni
1222 2241 1305 2261 anno
1339 2227 1447 2273 jurent
1474 2238 1607 2273 tempore
1640 2228 1770 2274 regimi-

1009 2276 1059 2311 nis
1072 2276 1127 2322 sui
1145 2278 1336 2313 concordiam
1360 2279 1554 2313 Mantuanis
1567 2306 1578 2321 ‚
1598 2278 1644 2318 ἔφ’
1664 2281 1771 2314 Man-

1008 2328 1101 2362 tuani
1136 2329 1296 2369 observare
1310 2353 1324 2368 ‚
1349 2328 1519 2373 secundum
1553 2329 1636 2374 quod
1662 2329 1771 2372 statu-

1008 2389 1076 2412 tum
1100 2379 1163 2420 est.
1189 2379 1256 2414 Die·
1278 2379 1404 2413 Veneris
1429 2381 1498 2414 VII.
1526 2379 1639 2424 Mense
1651 2380 1770 2424 Julia„

1009 2429 1042 2463 in
1068 2429 1197 2464 Palatio
1224 2429 1404 2464 Communis
1429 2430 1597 2473 Ferrarie‚
1625 2429 1769 2469 Millefi-

1008 2493 1055 2515 mo
1082 2479 1295 2523 Ducentesimo
1322 2479 1467 2522 Οίὶαυο,
1502 2480 1681 2518 Indic‘lione
1707 2480 1767 2515 xl.

1594 2578 1718 2618 Nimio
