2169 3047
231 229 282 268 73

172 272 319 317 pellatos
336 293 345 307 ‚
373 266 536 304 novimus
553 295 562 304 .
604 271 802 304 Occurrunt
838 282 926 316 quo-

173 333 239 366 que
267 319 425 363 Esmerati
444 318 481 353 in
502 318 658 362 Charta,
687 331 790 366 quam
813 321 925 355 adser-

173 378 234 405 vat
276 368 487 406 Sublacenfis
527 370 734 406 Monasterii
771 371 925 406 Tabula-

522 209 791 252 DJSSERTA
801 210 890 251 ‘I'JO
931 210 1427 256 VIGAESJMAOCMVA
1442 238 1452 251 .

966 280 997 314 A

1691 228 1747 266 74

1043 269 1157 305 rium.
1199 271 1301 304 Hanc
1330 269 1438 304 etiam
1467 268 1617 304 tenebris
1645 281 1799 318 ereptum

1007 334 1013 423 l
1043 320 1173 356 Leaor
1199 319 1350 369 accipiat
1366 345 1375 355 .

198 494 343 537 Leonis
374 494 612 538 Sublacenfis
648 495 813 538 Abbatis
844 497 1017 548 Charta,
1049 511 1114 553 per
1144 511 1262 554 quam
1297 511 1409 552 agros
1441 496 1540 539 emit
1571 510 1593 539 a
1627 500 1769 539 Marco

616 557 966 612 Archipresbytero
998 558 1070 597 διε.
1104 559 1224 596 Anno
1255 564 1355 611 936.

279 674 353 706 Nno
389 671 526 706 Domino
550 671 686 718 propitio
721 671 930 716 Pontificatus

307 723 423 754 Domni
460 722 573 755 Leonis
609 722 725 765 summi
765 722 929 766 Pontificis

176 774 213 804 (9
245 771 434 814 universalis
463 774 516 806 VI.
543 774 649 816 Papae
669 771 702 804 in
725 771 930 817 sacratiffima

174 824 254 855 Sede
280 824 362 855 beati
392 822 479 854 Petri
504 822 652 864 Apostoli
678 822 811 866 Primo,
839 825 923 857 Indi-

176 871 276 905 {lione
315 874 367 906 IX.
398 875 508 915 Mense
534 873 639 916 Junio
676 873 728 906 die
770 875 812 907 ΙΙ.
842 877 930 919 Quo-

176 922 262 956 niam
299 933 411 955 certum
452 926 513 963 rst,
557 935 611 955 nor
647 922 794 956 videlicet
823 926 932 957 Marco

176 972 318 1019 religioso
360 973 651 1016 ffchipresbitero,
686 975 742 1017 Jeu
785 975 932 1008 Petronia

175 1022 300 1064 honesta
330 1023 478 1066 semina,
518 1036 570 1056 nec
606 1036 664 1055 non
708 1023 752 1060 όν
795 1026 930 1059 Andrea

174 1074 374 1115 Monetario,
397 1073 580 1106 Dominicus
597 1071 642 1109 esf
653 1073 827 1117 stephania
838 1074 928 1107 hone-

171 1123 223 1165 sta
246 1122 368 1165 semina
394 1123 576 1168 jugalibus,
618 1137 654 1157 ac
679 1124 731 1157 die
758 1123 931 1169 ceffiffemus

177 1173 220 1206 (9⁶
247 1173 379 1217 ccffimus
406 1183 497 1219 atque
524 1173 735 1218 tradidimus,
779 1188 830 1209 nec
872 1188 930 1209 non

180 1223 224 1262 ἐφ’
253 1227 542 1262 venmmlavrmus,
583 1225 670 1257 nullo
698 1225 784 1259 nobis
812 1237 932 1272 cogente

177 1287 272 1320 neque
300 1275 523 1308 contradicente
541 1275 596 1308 vel
616 1276 769 1319 suadente
787 1288 844 1309 aut
863 1277 931 1310 vim

175 1323 330 1367 faciente,
352 1325 410 1369 sed
432 1326 559 1370 propria
581 1328 812 1372 spontaneaque
831 1327 933 1367 nostra

178 1374 368 1417 voluntate,
404 1375 496 1408 vobis
535 1377 676 1410 Domno
713 1381 832 1412 Leone
874 1378 927 1411 hu-

179 1424 265 1458 milis
296 1427 492 1467 Presbttem,
534 1428 576 1459 (9⁶
603 1427 771 1471 coangelico
799 1427 932 1462 Abbati

181 1474 357 1507 venerabili
398 1474 611 1510 Monasterio
640 1476 755 1510 Sarzfi‘ti
786 1477 933 1512 Benedi-

183 1522 260 1564 &i‚
297 1524 378 1568 quod
409 1523 506 1563 situm
542 1526 646 1563 estin
676 1527 844 1565 5ublaco‚
880 1527 935 1571 seu

174 1573 337 1617 Johannis
364 1584 456 1619 atque
477 1576 685 1616 Grescentium
704 1577 936 1610 venerabilibus

181 1623 332 1658 Diaconis
361 1624 403 1657 Θ
431 1625 594 1658 Monacbis
623 1639 658 1658 ex
684 1628 785 1659 eodem
819 1628 937 1660 Mona—

177 1674 271 1716 sterio
289 1699 298 1715 ‚
337 1673 536 1718 cunc‘Yamque
572 1676 850 1720 Congregationem
872 1677 936 1720 ser-

181 1736 292 1757 vorum
329 1724 413 1764 Dei,
450 1721 663 1767 successoribus
704 1725 814 1766 vestris
835 1749 844 1764 ‚
884 1727 939 1759 vel

183 1773 233 1808 cui
259 1785 308 1807 eas
336 1772 426 1806 vobis
452 1773 570 1819 largire
597 1774 639 1807 (9⁰
679 1776 834 1808 concedere
866 1776 938 1821 pla—

184 1822 334 1858 cueritis:
377 1823 452 1864 idest
479 1834 561 1857 terra
581 1824 799 1867 sementaricia
827 1827 859 1859 in
889 1826 935 1859 in-

185 1884 304 1918 tegrum
332 1874 518 1917 capacitatis
544 1875 714 1908 modiorum
739 1876 811 1921 plus
838 1877 940 1910 minus

186 1926 290 1959 XXV.
317 1938 383 1958 cum
409 1924 576 1967 parietinis
617 1925 764 1968 desertis,
802 1925 847 1965 &⁵
875 1940 940 1960 curn

185 1973 329 2008 omnihus
356 1976 399 2009 ad
424 1988 476 2008 eas
500 1975 690 2021 generaliter
725 1975 771 2014 θ’
799 1977 831 2010 in
861 1977 939 2010 inte—

186 2037 277 2070 grum
312 2025 564 2069 pertinentibus:
599 2025 700 2069 posita
732 2027 810 2070 soris
848 2027 943 2071 juxta

188 2078 286 2110 Porta
321 2078 448 2120 Majore
484 2075 517 2109 in
554 2075 713 2119 fundum,
756 2078 811 2124 qui
850 2091 937 2112 voca*

191 2134 244 2158 tur
269 2152 278 2160 .
305 2152 314 2161 .
342 2152 351 2161 .
379 2152 387 2160 .
415 2125 494 2166 iuris
522 2127 712 2161 venerabilis
739 2129 826 2162 scole
853 2131 939 2162 Can—

194 2185 320 2214 narum,
356 2189 413 2221 que
451 2177 631 2221 appellatur
670 2178 915 2225 Orsanotrophyo
926 2192 944 2221 ,-

194 2224 241 2263 ὠ
270 2226 350 2259 inter
376 2225 485 2269 affines
523 2241 543 2261 a
579 2228 679 2263 tribus
705 2229 859 2264 lateribus
889 2230 941 2263 Via

189 2276 313 2323 publice
339 2276 549 2321 circumdant,
590 2279 632 2312 (9⁶
667 2293 687 2314 a
713 2292 823 2326 quarto
848 2280 946 2315 latere

194 2330 281 2361 Areo
307 2339 470 2360 marmoreo
496 2328 610 2371 majore
637 2340 710 2363 ante
733 2330 947 2375 suprascripta

195 2380 316 2421 Porta,
352 2377 433 2410 unde
475 2375 521 2414 ψ’
561 2378 809 2414 Charta-tertio
837 2393 961 2427 genere·

196 2429 319 2461 nomine
347 2428 443 2466 noslro
466 2425 556 2470 sabla
585 2426 640 2473 effe
679 2428 830 2465 videtur.
868 2433 948 2465 Cum

197 2478 278 2512 hanc
303 2478 385 2522 ceffio
410 2477 603 2511 venditionis
630 2479 736 2513 charta
762 2480 853 2514 vobis
879 2493 947 2514 con-

187 2528 389 2564 tradidimus
429 2527 537 2565 charta
566 2528 744 2575 securitatis
771 2534 815 2567 ad
842 2543 949 2566 nomen

1042 673 1080 706 de
1099 686 1145 706 me
1169 673 1264 716 supra
1288 673 1402 717 scripto
1419 675 1557 708 Andrea
1580 674 1692 717 Ῑαὲῖα,
1720 684 1799 718 quas

1040 722 1139 765 facere
1174 723 1246 767 visa
1277 723 1346 766 fuit
1381 728 1485 758 Anna
1517 738 1669 769 germana
1704 737 1799 766 mea,

1043 773 1085 806 (9⁴
1120 773 1202 818 cffo
1236 774 1431 807 venditionis
1466 775 1574 809 charta
1609 777 1652 808 ad
1692 786 1799 807 nomen

970 820 996 853 B
1034 823 1185 867 Jobanni
1219 824 1427 869 suprascripto
1464 826 1619 870 quondam
1648 827 1799 857 Moneta-

973 1266 1006 1303 C

989 2167 1017 2202 E

1043 874 1088 906 rio
1110 874 1249 918 genitore
1276 887 1338 906 meo
1360 873 1476 916 fafla.
1518 877 1597 907 Cum
1625 875 1708 908 alias
1735 886 1799 906 rno-

1044 923 1182 956 niminas
1209 936 1307 957 novas
1335 937 1369 957 ac
1395 923 1532 964 vetustas
1551 930 1636 971 apud
1655 938 1700 956 me
1720 936 1800 956 meo-

1039 973 1116 1019 sque
1141 974 1264 1007 heredes
1301 975 1343 1006 Θ
1374 972 1546 1018 successores
1581 984 1729 1020 rogarunt
1756 974 1800 1007 ad

1045 1027 1287 1065 conservandum
1327 1023 1374 1061 &
1402 1024 1518 1071 Jalvas
1541 1025 1719 1067 saciendum
1745 1035 1800 1070 pro

1044 1075 1112 1108 alia
1139 1084 1222 1108 terra
1238 1101 1247 1116 ‚
1284 1087 1341 1120 que
1367 1087 1449 1108 meas
1477 1073 1532 1118 esse
1567 1076 1718 1108 continere
1744 1076 1799 1107 vi-

1045 1126 1159 1167 detur,
1196 1126 1237 1158 (9·
1271 1136 1328 1170 pro
1362 1125 1414 1158 boc
1449 1137 1500 1158 eas
1536 1124 1631 1159 vobis
1672 1124 1800 1158 minime

1046 1175 1179 1209 tribuere
1203 1175 1360 1221 potuimus
1371 1189 1390 1217 ,·
1412 1175 1466 1217 sed
1494 1179 1676 1222 quandoque
1708 1175 1802 1208 vobis

1045 1225 1213 1272 vestrisque
1234 1224 1445 1269 successoribus
1479 1224 1587 1271 neceffe
1621 1225 1721 1269 suerit
1745 1236 1802 1268 pro

1046 1276 1149 1315 vestra
1184 1275 1377 1319 defensione,
1415 1275 1566 1318 ostendere
1602 1277 1648 1313 &⁴
1675 1279 1802 1309 demon—

1041 1330 1139 1368 strare
1160 1326 1295 1371 spondeo
1317 1326 1422 1372 gratis
1445 1325 1490 1364 &⁵
1511 1326 1624 1372 absque
1642 1326 1727 1360 omni
1746 1337 1803 1369 pe-

1017 1412 1020 1415 *
1046 1377 1138 1410 cunia
1165 1377 1197 1410 in
1224 1377 1308 1409 omni
1334 1386 1484 1419 tempore.
1513 1379 1560 1411 Et
1581 1375 1611 1417 fi
1637 1391 1673 1410 ex
1693 1376 1803 1423 predi—

1047 1425 1099 1461 ίῖα
1126 1437 1208 1460 terra
1234 1426 1391 1472 qualisvis
1419 1430 1525 1461 charta
1553 1442 1572 1461 a
1599 1439 1652 1460 nos
1689 1427 1802 1467 nostro—

1041 1477 1118 1522 sque
1152 1480 1275 1510 heredes
1321 1479 1362 1509 (J
1398 1475 1571 1522 successores
1611 1487 1716 1511 contra
1745 1490 1803 1511 vos

1048 1526 1215 1572 vestrisque
1238 1525 1447 1569 successoribus
1474 1528 1669 1573 litigandum
1698 1527 1804 1574 (quod

1048 1575 1155 1623 absit)
1183 1577 1298 1619 ostensa
1321 1576 1442 1618 suerint
1455 1590 1475 1618 ;
1501 1587 1574 1610 tunc
1599 1591 1732 1612 vacuam
1760 1578 1803 1610 (9-

1051 1626 1175 1659 inanem
1203 1625 1248 1662 ἔφ’
1275 1627 1388 1672 absque
1407 1627 1491 1659 omni
1511 1629 1612 1660 robore
1631 1626 1806 1671 firmitatIs

1049 1676 1237 1710 decernimus
1274 1688 1475 1722 permanere.
1518 1680 1580 1710 Pro
1621 1690 1682 1723 qua
1709 1678 1805 1711 etiam

1051 1726 1259 1772 suprascripta
1296 1736 1378 1760 terra
1409 1727 1627 1770 sementaricia
1663 1727 1696 1759 in
1725 1728 1808 1759 inte-

1048 1789 1141 1822 grum
1176 1777 1219 1810 ad
1259 1776 1428 1809 modiorum
1462 1777 1535 1819 plus
1572 1775 1676 1809 minus
1703 1778 1806 1811 XXV.

1051 1839 1117 1859 cum
1142 1826 1310 1869 parietinis
1337 1825 1486 1869 desertis,
1514 1827 1555 1859 Θ
1576 1839 1642 1860 cum
1663 1826 1807 1860 omnibus

1050 1878 1094 1910 ad
1120 1888 1171 1910 eas
1195 1876 1426 1920 pertinentibus
1442 1902 1452 1918 ,
1493 1887 1530 1910 ut
1557 1876 1701 1923 superius
1726 1877 1809 1923 legi-

1051 1936 1123 1969 tur,
1151 1927 1319 1972 accepimus
1347 1939 1400 1960 nos
1421 1926 1627 1973 suprascripti
1661 1929 1810 1962 vendito-

1052 1990 1096 2010 res
1124 1991 1144 2010 a
1171 1978 1262 2010 vobis
1284 1977 1493 2022 suprascripti
1519 1988 1665 2023 emptores
1686 1977 1719 2011 in
1737 1988 1810 2023 pre-

1048 2027 1153 2071 sentia
1183 2027 1422 2073 subscriptorum
1470 2027 1613 2070 testium,
1659 2026 1810 2061 videlicet

1053 2077 1090 2112 in
1132 2087 1276 2125 argento
1305 2079 1396 2111 bono
1431 2077 1570 2124 optimo
1612 2076 1811 2112 Esmeratos

1055 2128 1201 2164 Libram
1246 2127 1386 2174 justoque
1426 2127 1631 2172 pensantem,
1673 2140 1811 2173 novoque

1056 2178 1247 2222 placabiles.
1277 2181 1313 2213 In
1340 2191 1456 2212 omnem
1476 2191 1585 2212 veram
1611 2177 1811 2216 decisionem,

1058 2229 1104 2268 &
1151 2231 1192 2264 ab
1226 2229 1354 2263 odierna
1388 2229 1439 2262 die
1475 2228 1634 2262 licentiam
1670 2227 1816 2262 habeatis

1060 2279 1093 2312 in
1116 2279 1329 2325 suprascripta
1356 2290 1438 2313 terra
1455 2305 1464 2320 ‚
1507 2289 1542 2312 ut
1568 2279 1708 2323 superius
1733 2279 1815 2324 legi-

1060 2340 1141 2373 tur,
1181 2332 1219 2363 de
1258 2330 1393 2375 presenti
1433 2329 1637 2368 introeundi,
1678 2330 1815 2371 utendi,

1054 2379 1205 2424 fruendi,
1231 2379 1421 2425 poffidendi,
1447 2379 1626 2418 vendendi,
1653 2378 1819 2422 donanai²

1061 2434 1291 2473 cornmutandi-,
1332 2429 1426 2463 etiarn
1452 2431 1590 2463 chartam
1617 2429 1814 2470 reno-vanai,

1062 2479 1107 2518 εἴ]
1135 2480 1273 2526 quicquit
1298 2480 1410 2514 exinde
1444 2479 1546 2522 facere
1573 2479 1646 2520 five
1670 2490 1818 2522 peragere

1061 2530 1249 2575 volueritis,
1274 2530 1308 2565 in
1335 2530 1469 2573 vestram
1484 2557 1496 2576 ,
1536 2529 1702 2575 vestrisque
1727 2529 1818 2561 here-2

1674 2577 1771 2613 dibus
