<?xml version="1.0" encoding="UTF-8"?>
<!DOCTYPE html PUBLIC "-//W3C//DTD XHTML 1.0 Transitional//EN"
    "http://www.w3.org/TR/xhtml1/DTD/xhtml1-transitional.dtd">
<html xmlns="http://www.w3.org/1999/xhtml" xml:lang="en" lang="en">
 <head>
  <title>
</title>
<meta http-equiv="Content-Type" content="text/html;charset=utf-8" />
  <meta name='ocr-system' content='tesseract 3.04.00' />
  <meta name='ocr-capabilities' content='ocr_page ocr_carea ocr_par ocr_line ocrx_word'/>
</head>
<body>
  <div class='ocr_page' id='page_1' title='image "antiquitatesital06mura_0443.png"; bbox 0 0 2169 3047; ppageno 0'>
   <div class='ocr_carea' id='block_1_1' title="bbox 198 429 715 469">
    <p class='ocr_par' dir='ltr' id='par_1_1' title="bbox 198 429 715 469">
     <span class='ocr_line' id='line_1_1' title="bbox 198 429 715 469; baseline -0.004 -5"><span class='ocrx_word' id='word_1_1' title='bbox 198 429 356 464; x_wconf 79' lang='lat' dir='ltr'>Mancia.</span> <span class='ocrx_word' id='word_1_2' title='bbox 384 429 519 462; x_wconf 75' lang='lat' dir='ltr'>strena.</span> <span class='ocrx_word' id='word_1_3' title='bbox 549 429 690 462; x_wconf 88' lang='lat' dir='ltr'>Donum</span> <span class='ocrx_word' id='word_1_4' title='bbox 708 457 715 469; x_wconf 82' lang='grc'>,</span> 
     </span>
    </p>
   </div>
   <div class='ocr_carea' id='block_1_2' title="bbox 248 236 961 675">
    <p class='ocr_par' dir='ltr' id='par_1_2' title="bbox 248 236 960 427">
     <span class='ocr_line' id='line_1_2' title="bbox 248 236 960 323; baseline -0.003 -10"><span class='ocrx_word' id='word_1_5' title='bbox 248 236 398 318; x_wconf 59' lang='lat' dir='ltr'><em>&amp;sZfflae</em></span> <span class='ocrx_word' id='word_1_6' title='bbox 423 274 542 312; x_wconf 86' lang='lat' dir='ltr'>evadit</span> <span class='ocrx_word' id='word_1_7' title='bbox 571 273 660 319; x_wconf 88' lang='lat' dir='ltr'>apud</span> <span class='ocrx_word' id='word_1_8' title='bbox 689 275 770 310; x_wconf 88' lang='lat' dir='ltr'>illos</span> <span class='ocrx_word' id='word_1_9' title='bbox 804 276 840 311; x_wconf 82' lang='lat' dir='ltr'>in</span> <span class='ocrx_word' id='word_1_10' title='bbox 869 277 960 323; x_wconf 74' lang='lat' dir='ltr'>Agin</span> 
     </span>
     <span class='ocr_line' id='line_1_3' title="bbox 250 324 957 374; baseline 0.007 -15"><span class='ocrx_word' id='word_1_11' title='bbox 250 327 288 364; x_wconf 72' lang='grc' dir='ltr'>δ(</span> <span class='ocrx_word' id='word_1_12' title='bbox 316 329 429 374; x_wconf 67' lang='lat' dir='ltr'>Agin.</span> <span class='ocrx_word' id='word_1_13' title='bbox 459 326 518 361; x_wconf 79' lang='lat' dir='ltr'>Sed</span> <span class='ocrx_word' id='word_1_14' title='bbox 548 324 657 359; x_wconf 82' lang='lat' dir='ltr'>nostra</span> <span class='ocrx_word' id='word_1_15' title='bbox 687 326 867 363; x_wconf 65' lang='lat' dir='ltr'>Dialerstus</span> <span class='ocrx_word' id='word_1_16' title='bbox 896 328 957 364; x_wconf 85' lang='lat' dir='ltr'>hu—</span> 
     </span>
     <span class='ocr_line' id='line_1_4' title="bbox 252 376 745 427; baseline -0.006 -13"><span class='ocrx_word' id='word_1_17' title='bbox 252 377 401 427; x_wconf 82' lang='lat' dir='ltr'>jusmodi</span> <span class='ocrx_word' id='word_1_18' title='bbox 432 376 604 411; x_wconf 85' lang='lat' dir='ltr'>vocabulo</span> <span class='ocrx_word' id='word_1_19' title='bbox 633 387 745 412; x_wconf 81' lang='lat' dir='ltr'>caret.</span> 
     </span>
    </p>

    <p class='ocr_par' dir='ltr' id='par_1_3' title="bbox 248 429 961 675">
     <span class='ocr_line' id='line_1_5' title="bbox 744 429 958 476; baseline 0.005 -13"><span class='ocrx_word' id='word_1_20' title='bbox 744 429 834 476; x_wconf 88' lang='lat' dir='ltr'>quod</span> <span class='ocrx_word' id='word_1_21' title='bbox 858 429 958 476; x_wconf 88' lang='lat' dir='ltr'>spon-</span> 
     </span>
     <span class='ocr_line' id='line_1_6' title="bbox 248 476 960 515; baseline 0.001 -1"><span class='ocrx_word' id='word_1_22' title='bbox 248 487 284 514; x_wconf 90' lang='lat' dir='ltr'>te</span> <span class='ocrx_word' id='word_1_23' title='bbox 310 476 538 513; x_wconf 81' lang='lat' dir='ltr'>inferioribus</span> <span class='ocrx_word' id='word_1_24' title='bbox 566 478 667 514; x_wconf 84' lang='lat' dir='ltr'>datur</span> <span class='ocrx_word' id='word_1_25' title='bbox 701 478 746 513; x_wconf 90' lang='lat' dir='ltr'>ob</span> <span class='ocrx_word' id='word_1_26' title='bbox 774 492 846 514; x_wconf 86' lang='lat' dir='ltr'>rem</span> <span class='ocrx_word' id='word_1_27' title='bbox 877 481 960 515; x_wconf 86' lang='lat' dir='ltr'>bene</span> 
     </span>
     <span class='ocr_line' id='line_1_7' title="bbox 248 528 960 577; baseline 0.004 -14"><span class='ocrx_word' id='word_1_28' title='bbox 248 528 397 577; x_wconf 78' lang='lat' dir='ltr'>gestam.</span> <span class='ocrx_word' id='word_1_29' title='bbox 439 528 626 577; x_wconf 84' lang='lat' dir='ltr'>Menagius</span> <span class='ocrx_word' id='word_1_30' title='bbox 663 530 697 564; x_wconf 74' lang='grc' dir='ltr'>ὃ(</span> <span class='ocrx_word' id='word_1_31' title='bbox 738 530 913 566; x_wconf 76' lang='lat' dir='ltr'>Ferrarius</span> <span class='ocrx_word' id='word_1_32' title='bbox 943 545 960 566; x_wconf 88' lang='lat' dir='ltr'>a</span> 
     </span>
     <span class='ocr_line' id='line_1_8' title="bbox 250 578 959 623; baseline 0.003 -9"><span class='ocrx_word' id='word_1_33' title='bbox 250 582 359 614; x_wconf 85' lang='lat' dir='ltr'>Manu</span> <span class='ocrx_word' id='word_1_34' title='bbox 387 578 550 614; x_wconf 87' lang='lat' dir='ltr'>trahunt.</span> <span class='ocrx_word' id='word_1_35' title='bbox 579 579 792 623; x_wconf 81' lang='lat' dir='ltr'><strong>Quomodo?</strong></span> <span class='ocrx_word' id='word_1_36' title='bbox 824 584 853 615; x_wconf 87' lang='grc' dir='ltr'><em>Ε</em></span> <span class='ocrx_word' id='word_1_37' title='bbox 882 584 959 616; x_wconf 80' lang='lat' dir='ltr'>Ma—</span> 
     </span>
     <span class='ocr_line' id='line_1_9' title="bbox 251 631 961 675; baseline 0.003 -11"><span class='ocrx_word' id='word_1_38' title='bbox 251 643 332 673; x_wconf 80' lang='lat' dir='ltr'>nus,</span> <span class='ocrx_word' id='word_1_39' title='bbox 371 631 560 673; x_wconf 58' lang='lat' dir='ltr'>Manium,</span> <span class='ocrx_word' id='word_1_40' title='bbox 598 631 767 670; x_wconf 78' lang='lat' dir='ltr'>Manitia,</span> <span class='ocrx_word' id='word_1_41' title='bbox 806 633 961 675; x_wconf 77' lang='lat' dir='ltr'>Mantia,</span> 
     </span>
    </p>
   </div>
   <div class='ocr_carea' id='block_1_3' title="bbox 249 684 962 1187">
    <p class='ocr_par' dir='ltr' id='par_1_4' title="bbox 249 684 962 1187">
     <span class='ocr_line' id='line_1_10' title="bbox 249 684 960 738; baseline 0.004 -15"><span class='ocrx_word' id='word_1_42' title='bbox 249 690 408 728; x_wconf 76' lang='lat' dir='ltr'>Mancia,</span> <span class='ocrx_word' id='word_1_43' title='bbox 430 688 513 724; x_wconf 88' lang='lat' dir='ltr'>idest</span> <span class='ocrx_word' id='word_1_44' title='bbox 535 691 748 737; x_wconf 75' lang='lat' dir='ltr'>Manipulus,</span> <span class='ocrx_word' id='word_1_45' title='bbox 768 684 960 738; x_wconf 68' lang='grc' dir='ltr'><strong><em>Δραγμῆ.</em></strong></span> 
     </span>
     <span class='ocr_line' id='line_1_11' title="bbox 250 740 960 787; baseline 0.001 -12"><span class='ocrx_word' id='word_1_46' title='bbox 250 740 314 775; x_wconf 90' lang='lat' dir='ltr'>Sed</span> <span class='ocrx_word' id='word_1_47' title='bbox 343 740 395 774; x_wconf 91' lang='lat' dir='ltr'>nil</span> <span class='ocrx_word' id='word_1_48' title='bbox 422 741 471 776; x_wconf 85' lang='lat' dir='ltr'>rei</span> <span class='ocrx_word' id='word_1_49' title='bbox 498 740 542 775; x_wconf 89' lang='lat' dir='ltr'>est</span> <span class='ocrx_word' id='word_1_50' title='bbox 564 742 737 787; x_wconf 70' lang='lat' dir='ltr'>Manipulq</span> <span class='ocrx_word' id='word_1_51' title='bbox 757 755 835 776; x_wconf 88' lang='lat' dir='ltr'>curn</span> <span class='ocrx_word' id='word_1_52' title='bbox 860 744 960 775; x_wconf 83' lang='lat' dir='ltr'>Man-</span> 
     </span>
     <span class='ocr_line' id='line_1_12' title="bbox 249 790 960 838; baseline 0.004 -14"><span class='ocrx_word' id='word_1_53' title='bbox 249 790 327 832; x_wconf 77' lang='lat' dir='ltr'>cia;</span> <span class='ocrx_word' id='word_1_54' title='bbox 364 790 416 825; x_wconf 88' lang='lat' dir='ltr'>uti</span> <span class='ocrx_word' id='word_1_55' title='bbox 445 804 556 838; x_wconf 90' lang='lat' dir='ltr'>neque</span> <span class='ocrx_word' id='word_1_56' title='bbox 585 792 753 825; x_wconf 78' lang='lat' dir='ltr'>Manitio:</span> <span class='ocrx_word' id='word_1_57' title='bbox 781 805 860 827; x_wconf 90' lang='lat' dir='ltr'>nam</span> <span class='ocrx_word' id='word_1_58' title='bbox 890 805 960 828; x_wconf 87' lang='lat' dir='ltr'>vox</span> 
     </span>
     <span class='ocr_line' id='line_1_13' title="bbox 250 839 958 889; baseline 0.003 -13"><span class='ocrx_word' id='word_1_59' title='bbox 250 839 311 876; x_wconf 85' lang='lat' dir='ltr'>ista</span> <span class='ocrx_word' id='word_1_60' title='bbox 340 841 430 875; x_wconf 86' lang='lat' dir='ltr'>nihil</span> <span class='ocrx_word' id='word_1_61' title='bbox 460 842 554 877; x_wconf 86' lang='lat' dir='ltr'>aliud</span> <span class='ocrx_word' id='word_1_62' title='bbox 593 841 805 889; x_wconf 83' lang='lat' dir='ltr'>fignificavit</span> <span class='ocrx_word' id='word_1_63' title='bbox 840 843 958 878; x_wconf 88' lang='lat' dir='ltr'>barba-</span> 
     </span>
     <span class='ocr_line' id='line_1_14' title="bbox 251 891 959 939; baseline 0.004 -13"><span class='ocrx_word' id='word_1_64' title='bbox 251 891 334 926; x_wconf 85' lang='lat' dir='ltr'>ricis</span> <span class='ocrx_word' id='word_1_65' title='bbox 356 892 487 927; x_wconf 86' lang='lat' dir='ltr'>Seculis</span> <span class='ocrx_word' id='word_1_66' title='bbox 502 921 509 932; x_wconf 80' lang='grc'>,</span> <span class='ocrx_word' id='word_1_67' title='bbox 528 892 588 927; x_wconf 84' lang='lat' dir='ltr'>nifi</span> <span class='ocrx_word' id='word_1_68' title='bbox 606 893 839 931; x_wconf 79' lang='lat' dir='ltr'>Chirothecam,</span> <span class='ocrx_word' id='word_1_69' title='bbox 855 907 959 939; x_wconf 88' lang='lat' dir='ltr'>quam</span> 
     </span>
     <span class='ocr_line' id='line_1_15' title="bbox 252 943 959 991; baseline 0 -14"><span class='ocrx_word' id='word_1_70' title='bbox 252 943 447 977; x_wconf 87' lang='lat' dir='ltr'>Lombardi</span> <span class='ocrx_word' id='word_1_71' title='bbox 477 943 587 978; x_wconf 87' lang='lat' dir='ltr'>adhuc</span> <span class='ocrx_word' id='word_1_72' title='bbox 616 945 794 991; x_wconf 87' lang='lat' dir='ltr'>appellant</span> <span class='ocrx_word' id='word_1_73' title='bbox 823 945 959 989; x_wconf 52' lang='lat' dir='ltr'>Mani(-</span> 
     </span>
     <span class='ocr_line' id='line_1_16' title="bbox 252 993 959 1040; baseline 0.006 -14"><span class='ocrx_word' id='word_1_74' title='bbox 252 1005 295 1036; x_wconf 63' lang='grc' dir='ltr'>ζα</span> <span class='ocrx_word' id='word_1_75' title='bbox 322 993 354 1027; x_wconf 79' lang='grc' dir='ltr'>δ(</span> <span class='ocrx_word' id='word_1_76' title='bbox 386 994 565 1038; x_wconf 61' lang='lat' dir='ltr'>Mani-&lt;zm</span> <span class='ocrx_word' id='word_1_77' title='bbox 594 996 640 1029; x_wconf 89' lang='lat' dir='ltr'>Et</span> <span class='ocrx_word' id='word_1_78' title='bbox 665 993 830 1040; x_wconf 76' lang='lat' dir='ltr'>liquidem</span> <span class='ocrx_word' id='word_1_79' title='bbox 854 1008 871 1029; x_wconf 88' lang='lat' dir='ltr'>e</span> <span class='ocrx_word' id='word_1_80' title='bbox 892 996 959 1030; x_wconf 90' lang='lat' dir='ltr'>La-</span> 
     </span>
     <span class='ocr_line' id='line_1_17' title="bbox 252 1043 962 1082; baseline -0.001 -4"><span class='ocrx_word' id='word_1_81' title='bbox 252 1043 331 1078; x_wconf 82' lang='lat' dir='ltr'>tino</span> <span class='ocrx_word' id='word_1_82' title='bbox 359 1044 526 1080; x_wconf 86' lang='lat' dir='ltr'>trahenda</span> <span class='ocrx_word' id='word_1_83' title='bbox 555 1058 625 1081; x_wconf 85' lang='lat' dir='ltr'>vox</span> <span class='ocrx_word' id='word_1_84' title='bbox 662 1044 732 1082; x_wconf 72' lang='lat' dir='ltr'>est,</span> <span class='ocrx_word' id='word_1_85' title='bbox 769 1059 787 1080; x_wconf 91' lang='lat' dir='ltr'>e</span> <span class='ocrx_word' id='word_1_86' title='bbox 828 1046 962 1079; x_wconf 74' lang='lat' dir='ltr'>Manicae</span> 
     </span>
     <span class='ocr_line' id='line_1_18' title="bbox 252 1093 961 1140; baseline 0.001 -12"><span class='ocrx_word' id='word_1_87' title='bbox 252 1093 334 1129; x_wconf 80' lang='lat' dir='ltr'>esset</span> <span class='ocrx_word' id='word_1_88' title='bbox 362 1094 582 1133; x_wconf 86' lang='lat' dir='ltr'>deducenda,</span> <span class='ocrx_word' id='word_1_89' title='bbox 611 1108 715 1140; x_wconf 89' lang='lat' dir='ltr'>quam</span> <span class='ocrx_word' id='word_1_90' title='bbox 745 1096 842 1130; x_wconf 89' lang='lat' dir='ltr'>Galli</span> <span class='ocrx_word' id='word_1_91' title='bbox 873 1108 961 1129; x_wconf 89' lang='lat' dir='ltr'>nun-</span> 
     </span>
     <span class='ocr_line' id='line_1_19' title="bbox 250 1145 960 1187; baseline -0.001 -9"><span class='ocrx_word' id='word_1_92' title='bbox 250 1154 381 1187; x_wconf 79' lang='lat' dir='ltr'>cupant</span> <span class='ocrx_word' id='word_1_93' title='bbox 423 1146 587 1177; x_wconf 71' lang='lat' dir='ltr'>manche:</span> <span class='ocrx_word' id='word_1_94' title='bbox 629 1145 767 1176; x_wconf 82' lang='lat' dir='ltr'>Mancbe</span> <span class='ocrx_word' id='word_1_95' title='bbox 805 1147 888 1179; x_wconf 72' lang='lat' dir='ltr'>vero</span> <span class='ocrx_word' id='word_1_96' title='bbox 925 1158 960 1178; x_wconf 82' lang='lat' dir='ltr'>a·</span> 
     </span>
    </p>
   </div>
   <div class='ocr_carea' id='block_1_4' title="bbox 250 1192 986 1238">
    <p class='ocr_par' dir='ltr' id='par_1_5' title="bbox 250 1192 986 1238">
     <span class='ocr_line' id='line_1_20' title="bbox 250 1192 986 1238; baseline 0.004 -12"><span class='ocrx_word' id='word_1_97' title='bbox 250 1193 318 1238; x_wconf 88' lang='lat' dir='ltr'>pud</span> <span class='ocrx_word' id='word_1_98' title='bbox 358 1194 465 1227; x_wconf 82' lang='lat' dir='ltr'>Italos</span> <span class='ocrx_word' id='word_1_99' title='bbox 501 1192 620 1227; x_wconf 86' lang='lat' dir='ltr'>evadit</span> <span class='ocrx_word' id='word_1_100' title='bbox 659 1194 814 1228; x_wconf 81' lang='lat' dir='ltr'>Mancia.</span> <span class='ocrx_word' id='word_1_101' title='bbox 853 1194 986 1230; x_wconf 60' lang='lat' dir='ltr'>Mhi—2</span> 
     </span>
    </p>
   </div>
   <div class='ocr_carea' id='block_1_5' title="bbox 249 1242 963 1388">
    <p class='ocr_par' dir='ltr' id='par_1_6' title="bbox 249 1242 963 1388">
     <span class='ocr_line' id='line_1_21' title="bbox 249 1242 961 1289; baseline 0.003 -12"><span class='ocrx_word' id='word_1_102' title='bbox 249 1242 404 1278; x_wconf 90' lang='lat' dir='ltr'>lominus</span> <span class='ocrx_word' id='word_1_103' title='bbox 446 1242 578 1278; x_wconf 87' lang='lat' dir='ltr'>addunt</span> <span class='ocrx_word' id='word_1_104' title='bbox 620 1244 834 1289; x_wconf 82' lang='lat' dir='ltr'>praelaudati</span> <span class='ocrx_word' id='word_1_105' title='bbox 873 1246 961 1289; x_wconf 61' lang='lat' dir='ltr'>Ety-</span> 
     </span>
     <span class='ocr_line' id='line_1_22' title="bbox 249 1292 963 1339; baseline 0.001 -12"><span class='ocrx_word' id='word_1_106' title='bbox 249 1292 478 1339; x_wconf 79' lang='lat' dir='ltr'>mologistae,</span> <span class='ocrx_word' id='word_1_107' title='bbox 507 1294 543 1328; x_wconf 89' lang='lat' dir='ltr'>in</span> <span class='ocrx_word' id='word_1_108' title='bbox 573 1293 633 1329; x_wconf 84' lang='lat' dir='ltr'>usu</span> <span class='ocrx_word' id='word_1_109' title='bbox 661 1294 769 1329; x_wconf 86' lang='lat' dir='ltr'>etiam</span> <span class='ocrx_word' id='word_1_110' title='bbox 798 1295 863 1329; x_wconf 79' lang='lat' dir='ltr'>effe</span> <span class='ocrx_word' id='word_1_111' title='bbox 893 1298 963 1329; x_wconf 70' lang='lat' dir='ltr'>Dar</span> 
     </span>
     <span class='ocr_line' id='line_1_23' title="bbox 249 1342 962 1388; baseline 0.001 -12"><span class='ocrx_word' id='word_1_112' title='bbox 249 1342 284 1376; x_wconf 75' lang='lat' dir='ltr'>la</span> <span class='ocrx_word' id='word_1_113' title='bbox 312 1342 414 1375; x_wconf 79' lang='lat' dir='ltr'>bunna</span> <span class='ocrx_word' id='word_1_114' title='bbox 443 1344 546 1374; x_wconf 77' lang='lat' dir='ltr'>Mane</span> <span class='ocrx_word' id='word_1_115' title='bbox 575 1355 635 1388; x_wconf 79' lang='lat' dir='ltr'>pro</span> <span class='ocrx_word' id='word_1_116' title='bbox 662 1343 696 1375; x_wconf 81' lang='lat' dir='ltr'>la</span> <span class='ocrx_word' id='word_1_117' title='bbox 726 1344 879 1377; x_wconf 78' lang='lat' dir='ltr'>Mancia.</span> <span class='ocrx_word' id='word_1_118' title='bbox 912 1347 962 1378; x_wconf 83' lang='lat' dir='ltr'>Ita</span> 
     </span>
    </p>
   </div>
   <div class='ocr_carea' id='block_1_6' title="bbox 251 1390 963 1642">
    <p class='ocr_par' dir='ltr' id='par_1_7' title="bbox 251 1390 963 1642">
     <span class='ocr_line' id='line_1_24' title="bbox 251 1390 963 1439; baseline 0.001 -12"><span class='ocrx_word' id='word_1_119' title='bbox 251 1390 330 1427; x_wconf 84' lang='lat' dir='ltr'>fane</span> <span class='ocrx_word' id='word_1_120' title='bbox 357 1390 532 1426; x_wconf 88' lang='lat' dir='ltr'>dicimus.</span> <span class='ocrx_word' id='word_1_121' title='bbox 573 1390 634 1426; x_wconf 88' lang='lat' dir='ltr'>Sed</span> <span class='ocrx_word' id='word_1_122' title='bbox 673 1404 743 1426; x_wconf 92' lang='lat' dir='ltr'>non</span> <span class='ocrx_word' id='word_1_123' title='bbox 782 1402 963 1439; x_wconf 81' lang='lat' dir='ltr'>propterea</span> 
     </span>
     <span class='ocr_line' id='line_1_25' title="bbox 253 1441 963 1480; baseline 0.001 -3"><span class='ocrx_word' id='word_1_124' title='bbox 253 1455 271 1477; x_wconf 92' lang='lat' dir='ltr'>e</span> <span class='ocrx_word' id='word_1_125' title='bbox 301 1445 407 1475; x_wconf 79' lang='lat' dir='ltr'>Manu</span> <span class='ocrx_word' id='word_1_126' title='bbox 435 1442 503 1476; x_wconf 77' lang='lat' dir='ltr'>rite</span> <span class='ocrx_word' id='word_1_127' title='bbox 528 1441 675 1478; x_wconf 87' lang='lat' dir='ltr'>deducas</span> <span class='ocrx_word' id='word_1_128' title='bbox 705 1444 858 1479; x_wconf 80' lang='lat' dir='ltr'>Mancia.</span> <span class='ocrx_word' id='word_1_129' title='bbox 887 1445 963 1480; x_wconf 82' lang='lat' dir='ltr'>To-</span> 
     </span>
     <span class='ocr_line' id='line_1_26' title="bbox 253 1491 963 1540; baseline 0.004 -13"><span class='ocrx_word' id='word_1_130' title='bbox 253 1492 436 1528; x_wconf 81' lang='lat' dir='ltr'>lerab11ius</span> <span class='ocrx_word' id='word_1_131' title='bbox 466 1491 605 1527; x_wconf 75' lang='lat' dir='ltr'>fortasse</span> <span class='ocrx_word' id='word_1_132' title='bbox 633 1491 723 1528; x_wconf 77' lang='lat' dir='ltr'>foret</span> <span class='ocrx_word' id='word_1_133' title='bbox 750 1493 914 1540; x_wconf 78' lang='lat' dir='ltr'>opinari,</span> <span class='ocrx_word' id='word_1_134' title='bbox 945 1507 963 1530; x_wconf 88' lang='lat' dir='ltr'>e</span> 
     </span>
     <span class='ocr_line' id='line_1_27' title="bbox 251 1542 962 1591; baseline 0.001 -12"><span class='ocrx_word' id='word_1_135' title='bbox 251 1542 465 1579; x_wconf 80' lang='lat' dir='ltr'>Lombardis</span> <span class='ocrx_word' id='word_1_136' title='bbox 513 1545 637 1588; x_wconf 56' lang='lat' dir='ltr'>Manza</span> <span class='ocrx_word' id='word_1_137' title='bbox 678 1544 962 1591; x_wconf 82' lang='lat' dir='ltr'>appellantibus,</span> 
     </span>
     <span class='ocr_line' id='line_1_28' title="bbox 252 1593 963 1642; baseline 0.001 -13"><span class='ocrx_word' id='word_1_138' title='bbox 252 1604 369 1629; x_wconf 77' lang='lat' dir='ltr'>ortum</span> <span class='ocrx_word' id='word_1_139' title='bbox 400 1593 552 1629; x_wconf 84' lang='lat' dir='ltr'>babuiffe</span> <span class='ocrx_word' id='word_1_140' title='bbox 582 1594 669 1629; x_wconf 84' lang='lat' dir='ltr'>hanc</span> <span class='ocrx_word' id='word_1_141' title='bbox 697 1608 841 1634; x_wconf 85' lang='lat' dir='ltr'>vocem,</span> <span class='ocrx_word' id='word_1_142' title='bbox 871 1594 963 1642; x_wconf 77' lang='lat' dir='ltr'>quasi</span> 
     </span>
    </p>
   </div>
   <div class='ocr_carea' id='block_1_7' title="bbox 252 1643 989 1695">
    <p class='ocr_par' dir='ltr' id='par_1_8' title="bbox 252 1643 989 1695">
     <span class='ocr_line' id='line_1_29' title="bbox 252 1643 989 1695; baseline 0.001 -16"><span class='ocrx_word' id='word_1_143' title='bbox 252 1645 369 1693; x_wconf 78' lang='lat' dir='ltr'>primo</span> <span class='ocrx_word' id='word_1_144' title='bbox 397 1643 502 1680; x_wconf 84' lang='lat' dir='ltr'>fuerit</span> <span class='ocrx_word' id='word_1_145' title='bbox 524 1643 739 1692; x_wconf 58' lang='grc' dir='ltr'>ΓΑνηαηζα,</span> <span class='ocrx_word' id='word_1_146' title='bbox 768 1645 964 1695; x_wconf 77' lang='lat' dir='ltr'>significans</span> <span class='ocrx_word' id='word_1_147' title='bbox 988 1671 989 1674; x_wconf 20' lang='grc' dir='ltr'>η</span> 
     </span>
    </p>
   </div>
   <div class='ocr_carea' id='block_1_8' title="bbox 250 1697 964 1897">
    <p class='ocr_par' dir='ltr' id='par_1_9' title="bbox 250 1697 964 1897">
     <span class='ocr_line' id='line_1_30' title="bbox 251 1697 961 1739; baseline 0.006 -11"><span class='ocrx_word' id='word_1_148' title='bbox 251 1699 427 1731; x_wconf 67' lang='lat' dir='ltr'>Amorem.</span> <span class='ocrx_word' id='word_1_149' title='bbox 457 1697 576 1730; x_wconf 75' lang='lat' dir='ltr'>frater</span> <span class='ocrx_word' id='word_1_150' title='bbox 603 1698 798 1739; x_wconf 74' lang='lat' dir='ltr'>Jacooonus</span> <span class='ocrx_word' id='word_1_151' title='bbox 827 1697 961 1733; x_wconf 78' lang='lat' dir='ltr'>Tuder-</span> 
     </span>
     <span class='ocr_line' id='line_1_31' title="bbox 250 1745 964 1783; baseline 0 -1"><span class='ocrx_word' id='word_1_152' title='bbox 250 1745 348 1782; x_wconf 79' lang='lat' dir='ltr'>tinus</span> <span class='ocrx_word' id='word_1_153' title='bbox 390 1745 481 1781; x_wconf 85' lang='lat' dir='ltr'>circa</span> <span class='ocrx_word' id='word_1_154' title='bbox 533 1745 637 1781; x_wconf 83' lang='lat' dir='ltr'>finem</span> <span class='ocrx_word' id='word_1_155' title='bbox 688 1747 804 1783; x_wconf 74' lang='lat' dir='ltr'>seculi</span> <span class='ocrx_word' id='word_1_156' title='bbox 852 1750 964 1783; x_wconf 87' lang='lat' dir='ltr'>Aerae</span> 
     </span>
     <span class='ocr_line' id='line_1_32' title="bbox 251 1795 964 1845; baseline 0.004 -13"><span class='ocrx_word' id='word_1_157' title='bbox 251 1795 469 1832; x_wconf 78' lang='lat' dir='ltr'>Christianae</span> <span class='ocrx_word' id='word_1_158' title='bbox 497 1797 749 1833; x_wconf 83' lang='lat' dir='ltr'>Tertiidecimi</span> <span class='ocrx_word' id='word_1_159' title='bbox 769 1821 780 1838; x_wconf 89' lang='lat'><em>,</em></span> <span class='ocrx_word' id='word_1_160' title='bbox 817 1798 900 1835; x_wconf 86' lang='lat' dir='ltr'>Lib.</span> <span class='ocrx_word' id='word_1_161' title='bbox 931 1810 964 1845; x_wconf 80' lang='lat'>5.</span> 
     </span>
     <span class='ocr_line' id='line_1_33' title="bbox 253 1848 604 1897; baseline -0.003 -12"><span class='ocrx_word' id='word_1_162' title='bbox 253 1848 359 1885; x_wconf 80' lang='lat' dir='ltr'>Cant.</span> <span class='ocrx_word' id='word_1_163' title='bbox 387 1858 442 1895; x_wconf 83' lang='lat'>14.</span> <span class='ocrx_word' id='word_1_164' title='bbox 469 1848 604 1897; x_wconf 79' lang='lat' dir='ltr'>ajebat:</span> 
     </span>
    </p>
   </div>
   <div class='ocr_carea' id='block_1_9' title="bbox 303 1949 965 2199">
    <p class='ocr_par' dir='ltr' id='par_1_10' title="bbox 303 1949 699 1995">
     <span class='ocr_line' id='line_1_34' title="bbox 303 1949 699 1995; baseline 0.003 -11"><span class='ocrx_word' id='word_1_165' title='bbox 303 1951 376 1985; x_wconf 73' lang='lat' dir='ltr'>Non</span> <span class='ocrx_word' id='word_1_166' title='bbox 405 1950 421 1983; x_wconf 78' lang='grc' dir='ltr'><em>ὲ</em></span> <span class='ocrx_word' id='word_1_167' title='bbox 447 1962 555 1984; x_wconf 80' lang='lat' dir='ltr'>verace</span> <span class='ocrx_word' id='word_1_168' title='bbox 581 1949 699 1995; x_wconf 68' lang='lat' dir='ltr'>aquilla</span> 
     </span>
    </p>

    <p class='ocr_par' dir='ltr' id='par_1_11' title="bbox 305 2000 965 2087">
     <span class='ocr_line' id='line_1_35' title="bbox 305 2000 965 2051; baseline 0.005 -17"><span class='ocrx_word' id='word_1_169' title='bbox 305 2002 354 2038; x_wconf 86' lang='lat' dir='ltr'>Di</span> <span class='ocrx_word' id='word_1_170' title='bbox 400 2002 525 2046; x_wconf 62' lang='lat' dir='ltr'>Manza</span> <span class='ocrx_word' id='word_1_171' title='bbox 566 2000 654 2048; x_wconf 89' lang='lat' dir='ltr'>(pro</span> <span class='ocrx_word' id='word_1_172' title='bbox 689 2003 871 2051; x_wconf 63' lang='lat' dir='ltr'>Amanza)</span> <span class='ocrx_word' id='word_1_173' title='bbox 913 2003 965 2038; x_wconf 78' lang='lat' dir='ltr'>che</span> 
     </span>
     <span class='ocr_line' id='line_1_36' title="bbox 359 2054 548 2087; baseline 0.011 -2"><span class='ocrx_word' id='word_1_174' title='bbox 359 2064 419 2085; x_wconf 79' lang='lat' dir='ltr'>non</span> <span class='ocrx_word' id='word_1_175' title='bbox 449 2054 548 2087; x_wconf 82' lang='lat' dir='ltr'>dura.</span> 
     </span>
    </p>

    <p class='ocr_par' dir='ltr' id='par_1_12' title="bbox 306 2101 752 2143">
     <span class='ocr_line' id='line_1_37' title="bbox 306 2101 752 2143; baseline 0 -6"><span class='ocrx_word' id='word_1_176' title='bbox 306 2104 371 2137; x_wconf 83' lang='lat' dir='ltr'>Ma</span> <span class='ocrx_word' id='word_1_177' title='bbox 397 2101 445 2136; x_wconf 80' lang='lat' dir='ltr'>chi</span> <span class='ocrx_word' id='word_1_178' title='bbox 471 2101 625 2137; x_wconf 78' lang='lat' dir='ltr'>ben&#39;ama</span> <span class='ocrx_word' id='word_1_179' title='bbox 652 2103 752 2143; x_wconf 71' lang='lat' dir='ltr'>Crista</span> 
     </span>
    </p>

    <p class='ocr_par' dir='ltr' id='par_1_13' title="bbox 306 2151 778 2199">
     <span class='ocr_line' id='line_1_38' title="bbox 306 2151 778 2199; baseline 0 -12"><span class='ocrx_word' id='word_1_180' title='bbox 306 2156 406 2198; x_wconf 79' lang='lat' dir='ltr'>Sopra</span> <span class='ocrx_word' id='word_1_181' title='bbox 433 2151 546 2199; x_wconf 81' lang='lat' dir='ltr'>d&#39;ogn&#39;</span> <span class='ocrx_word' id='word_1_182' title='bbox 574 2154 658 2187; x_wconf 74' lang='lat' dir='ltr'>altra</span> <span class='ocrx_word' id='word_1_183' title='bbox 684 2167 778 2198; x_wconf 71' lang='lat' dir='ltr'>cura,</span> 
     </span>
    </p>
   </div>
   <div class='ocr_carea' id='block_1_10' title="bbox 257 2203 915 2454">
    <p class='ocr_par' dir='ltr' id='par_1_14' title="bbox 257 2203 915 2454">
     <span class='ocr_line' id='line_1_39' title="bbox 307 2203 793 2250; baseline 0.014 -15"><span class='ocrx_word' id='word_1_184' title='bbox 307 2203 425 2250; x_wconf 64' lang='lat' dir='ltr'>Quella</span> <span class='ocrx_word' id='word_1_185' title='bbox 453 2203 469 2238; x_wconf 77' lang='grc' dir='ltr'><em>ὲ</em></span> <span class='ocrx_word' id='word_1_186' title='bbox 493 2207 649 2250; x_wconf 60' lang='grc' dir='ltr'>Λνηαηζα</span> <span class='ocrx_word' id='word_1_187' title='bbox 669 2204 793 2246; x_wconf 71' lang='lat' dir='ltr'>ficum.</span> 
     </span>
     <span class='ocr_line' id='line_1_40' title="bbox 257 2304 915 2354; baseline 0.002 -12"><span class='ocrx_word' id='word_1_188' title='bbox 257 2304 353 2342; x_wconf 87' lang='lat' dir='ltr'>Idem</span> <span class='ocrx_word' id='word_1_189' title='bbox 383 2318 522 2354; x_wconf 87' lang='lat' dir='ltr'>quoque</span> <span class='ocrx_word' id='word_1_190' title='bbox 549 2304 632 2342; x_wconf 88' lang='lat' dir='ltr'><strong>Lib.</strong></span> <span class='ocrx_word' id='word_1_191' title='bbox 660 2306 692 2342; x_wconf 89' lang='lat'>6.</span> <span class='ocrx_word' id='word_1_192' title='bbox 722 2306 827 2342; x_wconf 80' lang='lat' dir='ltr'>Cant.</span> <span class='ocrx_word' id='word_1_193' title='bbox 855 2317 915 2343; x_wconf 86' lang='lat'>21.</span> 
     </span>
     <span class='ocr_line' id='line_1_41' title="bbox 308 2406 731 2454; baseline 0.005 -13"><span class='ocrx_word' id='word_1_194' title='bbox 308 2409 409 2449; x_wconf 78' lang='lat' dir='ltr'>sopra</span> <span class='ocrx_word' id='word_1_195' title='bbox 436 2406 602 2454; x_wconf 75' lang='lat' dir='ltr'>ogn&#39;altro</span> <span class='ocrx_word' id='word_1_196' title='bbox 629 2421 731 2443; x_wconf 78' lang='lat' dir='ltr'>amore</span> 
     </span>
    </p>
   </div>
   <div class='ocr_carea' id='block_1_11' title="bbox 310 2456 967 2559">
    <p class='ocr_par' dir='ltr' id='par_1_15' title="bbox 310 2456 967 2559">
     <span class='ocr_line' id='line_1_42' title="bbox 310 2456 967 2508; baseline 0.009 -19"><span class='ocrx_word' id='word_1_197' title='bbox 310 2456 352 2494; x_wconf 67' lang='lat' dir='ltr'>E*</span> <span class='ocrx_word' id='word_1_198' title='bbox 373 2456 406 2490; x_wconf 85' lang='lat' dir='ltr'>la</span> <span class='ocrx_word' id='word_1_199' title='bbox 432 2468 488 2491; x_wconf 76' lang='lat' dir='ltr'>tua</span> <span class='ocrx_word' id='word_1_200' title='bbox 515 2459 598 2496; x_wconf 67' lang='lat' dir='ltr'>bella</span> <span class='ocrx_word' id='word_1_201' title='bbox 625 2461 756 2507; x_wconf 60' lang='lat' dir='ltr'>Manza</span> <span class='ocrx_word' id='word_1_202' title='bbox 782 2457 893 2508; x_wconf 83' lang='lat' dir='ltr'>(idest</span> <span class='ocrx_word' id='word_1_203' title='bbox 911 2462 967 2495; x_wconf 64' lang='lat' dir='ltr'>,A—</span> 
     </span>
     <span class='ocr_line' id='line_1_43' title="bbox 360 2508 507 2559; baseline 0.007 -18"><span class='ocrx_word' id='word_1_204' title='bbox 360 2519 478 2555; x_wconf 52' lang='lat' dir='ltr'>msaga</span> <span class='ocrx_word' id='word_1_205' title='bbox 493 2508 507 2559; x_wconf 88' lang='lat'>)</span> 
     </span>
    </p>
   </div>
   <div class='ocr_carea' id='block_1_12' title="bbox 547 211 1483 259">
    <p class='ocr_par' dir='ltr' id='par_1_16' title="bbox 547 211 1483 259">
     <span class='ocr_line' id='line_1_44' title="bbox 547 211 1483 259; baseline -0.002 0"><span class='ocrx_word' id='word_1_206' title='bbox 547 214 912 259; x_wconf 59' lang='lat' dir='ltr'><strong><em>DISSER‘FATIO</em></strong></span> <span class='ocrx_word' id='word_1_207' title='bbox 943 211 1483 258; x_wconf 59' lang='lat' dir='ltr'><em>TRJGESIMATERTJAE</em></span> 
     </span>
    </p>
   </div>
   <div class='ocr_carea' id='block_1_13' title="bbox 997 218 1770 360">
    <p class='ocr_par' dir='ltr' id='par_1_17' title="bbox 997 218 1770 360">
     <span class='ocr_line' id='line_1_45' title="bbox 1688 218 1770 271; baseline -0.012 -13"><span class='ocrx_word' id='word_1_208' title='bbox 1688 218 1770 271; x_wconf 75' lang='lat'>873</span> 
     </span>
     <span class='ocr_line' id='line_1_46' title="bbox 997 278 1032 312; baseline 0 0"><span class='ocrx_word' id='word_1_209' title='bbox 997 278 1032 312; x_wconf 89' lang='lat' dir='ltr'>A</span> 
     </span>
     <span class='ocr_line' id='line_1_47' title="bbox 1122 321 1498 360; baseline -0.008 0"><span class='ocrx_word' id='word_1_210' title='bbox 1122 323 1215 360; x_wconf 87' lang='lat' dir='ltr'>Infra</span> <span class='ocrx_word' id='word_1_211' title='bbox 1246 325 1326 359; x_wconf 77' lang='lat' dir='ltr'>vero</span> <span class='ocrx_word' id='word_1_212' title='bbox 1356 321 1498 358; x_wconf 84' lang='lat' dir='ltr'>subdit:</span> 
     </span>
    </p>
   </div>
   <div class='ocr_carea' id='block_1_14' title="bbox 1165 426 1564 524">
    <p class='ocr_par' dir='ltr' id='par_1_18' title="bbox 1165 426 1564 524">
     <span class='ocr_line' id='line_1_48' title="bbox 1173 426 1564 469; baseline 0 -8"><span class='ocrx_word' id='word_1_213' title='bbox 1173 427 1222 462; x_wconf 78' lang='lat' dir='ltr'>Di</span> <span class='ocrx_word' id='word_1_214' title='bbox 1248 436 1277 460; x_wconf 82' lang='lat' dir='ltr'>te</span> <span class='ocrx_word' id='word_1_215' title='bbox 1304 426 1387 460; x_wconf 85' lang='lat' dir='ltr'>bella</span> <span class='ocrx_word' id='word_1_216' title='bbox 1416 427 1564 469; x_wconf 61' lang='lat' dir='ltr'>Manza·</span> 
     </span>
     <span class='ocr_line' id='line_1_49' title="bbox 1165 479 1540 524; baseline -0.003 -12"><span class='ocrx_word' id='word_1_217' title='bbox 1165 479 1250 523; x_wconf 64' lang='lat' dir='ltr'>Jesis</span> <span class='ocrx_word' id='word_1_218' title='bbox 1276 490 1363 524; x_wconf 82' lang='lat' dir='ltr'>vaga</span> <span class='ocrx_word' id='word_1_219' title='bbox 1391 479 1540 521; x_wconf 55' lang='lat' dir='ltr'>Manza.</span> 
     </span>
    </p>
   </div>
   <div class='ocr_carea' id='block_1_15' title="bbox 984 577 1839 1332">
    <p class='ocr_par' dir='ltr' id='par_1_19' title="bbox 1124 577 1833 628">
     <span class='ocr_line' id='line_1_50' title="bbox 1124 577 1833 628; baseline 0.001 -14"><span class='ocrx_word' id='word_1_220' title='bbox 1124 583 1174 614; x_wconf 85' lang='lat' dir='ltr'>La</span> <span class='ocrx_word' id='word_1_221' title='bbox 1211 582 1365 623; x_wconf 66' lang='lat' dir='ltr'>Manza,</span> <span class='ocrx_word' id='word_1_222' title='bbox 1403 577 1471 614; x_wconf 80' lang='lat' dir='ltr'>sive</span> <span class='ocrx_word' id='word_1_223' title='bbox 1508 579 1664 622; x_wconf 77' lang='lat' dir='ltr'>Mancia,</span> <span class='ocrx_word' id='word_1_224' title='bbox 1701 577 1833 628; x_wconf 86' lang='lat' dir='ltr'>fignum</span> 
     </span>
    </p>

    <p class='ocr_par' dir='ltr' id='par_1_20' title="bbox 984 630 1839 1332">
     <span class='ocr_line' id='line_1_51' title="bbox 1123 630 1833 666; baseline -0.001 0"><span class='ocrx_word' id='word_1_225' title='bbox 1123 631 1256 666; x_wconf 70' lang='lat' dir='ltr'>Amoris</span> <span class='ocrx_word' id='word_1_226' title='bbox 1283 630 1346 665; x_wconf 89' lang='lat' dir='ltr'>est.</span> <span class='ocrx_word' id='word_1_227' title='bbox 1375 631 1462 665; x_wconf 89' lang='lat' dir='ltr'>Alia</span> <span class='ocrx_word' id='word_1_228' title='bbox 1491 633 1574 665; x_wconf 74' lang='lat' dir='ltr'>verb</span> <span class='ocrx_word' id='word_1_229' title='bbox 1603 630 1743 665; x_wconf 85' lang='lat' dir='ltr'>videtur</span> <span class='ocrx_word' id='word_1_230' title='bbox 1769 631 1833 666; x_wconf 82' lang='lat' dir='ltr'>effe</span> 
     </span>
     <span class='ocr_line' id='line_1_52' title="bbox 984 680 1835 730; baseline 0.002 -15"><span class='ocrx_word' id='word_1_231' title='bbox 984 717 986 722; x_wconf 25' lang='lat' dir='ltr'><em>A</em></span> <span class='ocrx_word' id='word_1_232' title='bbox 1123 681 1225 729; x_wconf 87' lang='lat' dir='ltr'>origo</span> <span class='ocrx_word' id='word_1_233' title='bbox 1255 680 1379 730; x_wconf 74' lang='lat' dir='ltr'>phrasis</span> <span class='ocrx_word' id='word_1_234' title='bbox 1408 683 1495 716; x_wconf 86' lang='lat' dir='ltr'>Dare</span> <span class='ocrx_word' id='word_1_235' title='bbox 1521 682 1555 715; x_wconf 78' lang='lat' dir='ltr'>la</span> <span class='ocrx_word' id='word_1_236' title='bbox 1582 680 1685 715; x_wconf 78' lang='lat' dir='ltr'>buona</span> <span class='ocrx_word' id='word_1_237' title='bbox 1712 684 1835 717; x_wconf 75' lang='lat' dir='ltr'>Mane.</span> 
     </span>
     <span class='ocr_line' id='line_1_53' title="bbox 984 726 1836 778; baseline 0.004 -13"><span class='ocrx_word' id='word_1_238' title='bbox 984 726 1036 765; x_wconf 69' lang='lat' dir='ltr'>&#39;B</span> <span class='ocrx_word' id='word_1_239' title='bbox 1074 734 1271 768; x_wconf 82' lang='lat' dir='ltr'>Mandorla.</span> <span class='ocrx_word' id='word_1_240' title='bbox 1298 732 1531 778; x_wconf 70' lang='lat' dir='ltr'>Amygdalus.</span> <span class='ocrx_word' id='word_1_241' title='bbox 1560 733 1618 767; x_wconf 90' lang='lat' dir='ltr'>Ab</span> <span class='ocrx_word' id='word_1_242' title='bbox 1658 731 1721 767; x_wconf 88' lang='lat' dir='ltr'>hac</span> <span class='ocrx_word' id='word_1_243' title='bbox 1750 745 1836 768; x_wconf 87' lang='lat' dir='ltr'>voce</span> 
     </span>
     <span class='ocr_line' id='line_1_54' title="bbox 1124 782 1836 818; baseline 0 -1"><span class='ocrx_word' id='word_1_244' title='bbox 1124 784 1255 818; x_wconf 86' lang='lat' dir='ltr'>Graeca</span> <span class='ocrx_word' id='word_1_245' title='bbox 1288 782 1451 817; x_wconf 89' lang='lat' dir='ltr'>Italicum</span> <span class='ocrx_word' id='word_1_246' title='bbox 1481 783 1692 818; x_wconf 85' lang='lat' dir='ltr'>vocabulum</span> <span class='ocrx_word' id='word_1_247' title='bbox 1733 785 1836 817; x_wconf 84' lang='lat' dir='ltr'>Man-</span> 
     </span>
     <span class='ocr_line' id='line_1_55' title="bbox 1122 832 1837 880; baseline 0.001 -12"><span class='ocrx_word' id='word_1_248' title='bbox 1122 834 1213 868; x_wconf 80' lang='lat' dir='ltr'>dorla</span> <span class='ocrx_word' id='word_1_249' title='bbox 1253 833 1365 868; x_wconf 81' lang='lat' dir='ltr'>traxit</span> <span class='ocrx_word' id='word_1_250' title='bbox 1404 832 1622 880; x_wconf 87' lang='lat' dir='ltr'>Menagius.</span> <span class='ocrx_word' id='word_1_251' title='bbox 1661 832 1837 869; x_wconf 87' lang='lat' dir='ltr'>Animad-</span> 
     </span>
     <span class='ocr_line' id='line_1_56' title="bbox 1125 883 1836 925; baseline 0.003 -7"><span class='ocrx_word' id='word_1_252' title='bbox 1125 884 1329 920; x_wconf 82' lang='lat' dir='ltr'>vertendum</span> <span class='ocrx_word' id='word_1_253' title='bbox 1361 892 1477 918; x_wconf 84' lang='lat' dir='ltr'>tamen</span> <span class='ocrx_word' id='word_1_254' title='bbox 1505 883 1576 925; x_wconf 74' lang='lat' dir='ltr'>est,</span> <span class='ocrx_word' id='word_1_255' title='bbox 1605 884 1836 920; x_wconf 80' lang='lat' dir='ltr'>Germanicae</span> 
     </span>
     <span class='ocr_line' id='line_1_57' title="bbox 1123 934 1835 982; baseline -0.001 -12"><span class='ocrx_word' id='word_1_256' title='bbox 1123 935 1286 982; x_wconf 83' lang='lat' dir='ltr'>Linguae</span> <span class='ocrx_word' id='word_1_257' title='bbox 1327 934 1437 969; x_wconf 80' lang='lat' dir='ltr'>tribui</span> <span class='ocrx_word' id='word_1_258' title='bbox 1466 947 1484 969; x_wconf 87' lang='lat' dir='ltr'>a</span> <span class='ocrx_word' id='word_1_259' title='bbox 1512 936 1681 970; x_wconf 86' lang='lat' dir='ltr'>Cramero</span> <span class='ocrx_word' id='word_1_260' title='bbox 1708 947 1835 970; x_wconf 83' lang='lat' dir='ltr'>vocem</span> 
     </span>
     <span class='ocr_line' id='line_1_58' title="bbox 1123 984 1837 1033; baseline 0.006 -16"><span class='ocrx_word' id='word_1_261' title='bbox 1123 986 1282 1028; x_wconf 69' lang='grc' dir='ltr'><em>Μαηόεί,</em></span> <span class='ocrx_word' id='word_1_262' title='bbox 1311 984 1565 1033; x_wconf 65' lang='lat' dir='ltr'>significantem</span> <span class='ocrx_word' id='word_1_263' title='bbox 1593 986 1837 1031; x_wconf 74' lang='lat' dir='ltr'>Amygdalum.</span> 
     </span>
     <span class='ocr_line' id='line_1_59' title="bbox 1123 1035 1837 1084; baseline 0.003 -15"><span class='ocrx_word' id='word_1_264' title='bbox 1123 1035 1158 1070; x_wconf 87' lang='lat' dir='ltr'>Si</span> <span class='ocrx_word' id='word_1_265' title='bbox 1188 1035 1270 1071; x_wconf 88' lang='lat' dir='ltr'>haec</span> <span class='ocrx_word' id='word_1_266' title='bbox 1299 1036 1352 1072; x_wconf 91' lang='lat' dir='ltr'>ibi</span> <span class='ocrx_word' id='word_1_267' title='bbox 1373 1035 1634 1084; x_wconf 75' lang='lat' dir='ltr'>antiquiffima.</span> <span class='ocrx_word' id='word_1_268' title='bbox 1664 1036 1745 1071; x_wconf 85' lang='lat' dir='ltr'>inde</span> <span class='ocrx_word' id='word_1_269' title='bbox 1773 1049 1837 1084; x_wconf 89' lang='lat' dir='ltr'>po-</span> 
     </span>
     <span class='ocr_line' id='line_1_60' title="bbox 1123 1085 1839 1122; baseline 0.004 -4"><span class='ocrx_word' id='word_1_270' title='bbox 1123 1085 1194 1119; x_wconf 87' lang='lat' dir='ltr'>tius</span> <span class='ocrx_word' id='word_1_271' title='bbox 1214 1086 1259 1120; x_wconf 89' lang='lat' dir='ltr'>est</span> <span class='ocrx_word' id='word_1_272' title='bbox 1280 1087 1472 1122; x_wconf 80' lang='lat' dir='ltr'>arceffenda</span> <span class='ocrx_word' id='word_1_273' title='bbox 1495 1100 1564 1121; x_wconf 89' lang='lat' dir='ltr'>vox</span> <span class='ocrx_word' id='word_1_274' title='bbox 1588 1086 1714 1121; x_wconf 78' lang='lat' dir='ltr'>Italica</span> <span class='ocrx_word' id='word_1_275' title='bbox 1735 1089 1839 1121; x_wconf 81' lang='lat' dir='ltr'>Man-</span> 
     </span>
     <span class='ocr_line' id='line_1_61' title="bbox 1123 1135 1835 1181; baseline 0.004 -13"><span class='ocrx_word' id='word_1_276' title='bbox 1123 1135 1214 1168; x_wconf 79' lang='lat' dir='ltr'>dorla</span> <span class='ocrx_word' id='word_1_277' title='bbox 1256 1135 1392 1181; x_wconf 84' lang='lat' dir='ltr'>(quam</span> <span class='ocrx_word' id='word_1_278' title='bbox 1435 1137 1630 1171; x_wconf 83' lang='lat' dir='ltr'>Lombardi</span> <span class='ocrx_word' id='word_1_279' title='bbox 1672 1137 1835 1171; x_wconf 82' lang='lat' dir='ltr'>Mandola</span> 
     </span>
     <span class='ocr_line' id='line_1_62' title="bbox 1122 1183 1838 1234; baseline 0.007 -17"><span class='ocrx_word' id='word_1_280' title='bbox 1122 1183 1275 1225; x_wconf 73' lang='lat' dir='ltr'>dicunt,</span> <span class='ocrx_word' id='word_1_281' title='bbox 1312 1185 1570 1220; x_wconf 84' lang='lat' dir='ltr'>Mutinenfium</span> <span class='ocrx_word' id='word_1_282' title='bbox 1601 1188 1683 1220; x_wconf 78' lang='lat' dir='ltr'>vero</span> <span class='ocrx_word' id='word_1_283' title='bbox 1714 1187 1838 1234; x_wconf 83' lang='lat' dir='ltr'>vulgus</span> 
     </span>
     <span class='ocr_line' id='line_1_63' title="bbox 1124 1236 1838 1283; baseline 0.006 -15"><span class='ocrx_word' id='word_1_284' title='bbox 1124 1244 1287 1282; x_wconf 85' lang='lat' dir='ltr'>corrupte</span> <span class='ocrx_word' id='word_1_285' title='bbox 1331 1236 1508 1283; x_wconf 77' lang='lat' dir='ltr'>Mandla)</span> <span class='ocrx_word' id='word_1_286' title='bbox 1557 1248 1627 1271; x_wconf 90' lang='lat' dir='ltr'>non</span> <span class='ocrx_word' id='word_1_287' title='bbox 1666 1244 1783 1271; x_wconf 84' lang='lat' dir='ltr'>autem</span> <span class='ocrx_word' id='word_1_288' title='bbox 1820 1250 1838 1273; x_wconf 88' lang='lat' dir='ltr'>e</span> 
     </span>
     <span class='ocr_line' id='line_1_64' title="bbox 1122 1285 1836 1332; baseline 0.004 -12"><span class='ocrx_word' id='word_1_289' title='bbox 1122 1287 1280 1320; x_wconf 84' lang='lat' dir='ltr'>Graeco.</span> <span class='ocrx_word' id='word_1_290' title='bbox 1311 1288 1435 1332; x_wconf 81' lang='lat' dir='ltr'>Neque</span> <span class='ocrx_word' id='word_1_291' title='bbox 1463 1285 1558 1320; x_wconf 83' lang='lat' dir='ltr'>enim</span> <span class='ocrx_word' id='word_1_292' title='bbox 1597 1286 1647 1321; x_wconf 79' lang='lat' dir='ltr'>sat</span> <span class='ocrx_word' id='word_1_293' title='bbox 1676 1300 1836 1323; x_wconf 88' lang='lat' dir='ltr'>commo—</span> 
     </span>
    </p>
   </div>
   <div class='ocr_carea' id='block_1_16' title="bbox 1072 1335 1841 2656">
    <p class='ocr_par' dir='ltr' id='par_1_21' title="bbox 1123 1335 1837 1478">
     <span class='ocr_line' id='line_1_65' title="bbox 1123 1335 1836 1390; baseline 0.006 -14"><span class='ocrx_word' id='word_1_294' title='bbox 1123 1343 1165 1376; x_wconf 91' lang='lat' dir='ltr'>de</span> <span class='ocrx_word' id='word_1_295' title='bbox 1204 1335 1448 1388; x_wconf 66' lang='grc' dir='ltr'>Αμύγῧαλος</span> <span class='ocrx_word' id='word_1_296' title='bbox 1498 1345 1706 1390; x_wconf 60' lang='lat' dir='ltr'>Amygdalus</span> <span class='ocrx_word' id='word_1_297' title='bbox 1751 1357 1836 1380; x_wconf 88' lang='lat' dir='ltr'>con-</span> 
     </span>
     <span class='ocr_line' id='line_1_66' title="bbox 1123 1391 1837 1439; baseline 0.008 -13"><span class='ocrx_word' id='word_1_298' title='bbox 1123 1391 1277 1427; x_wconf 87' lang='lat' dir='ltr'>vertitur</span> <span class='ocrx_word' id='word_1_299' title='bbox 1313 1391 1350 1427; x_wconf 89' lang='lat' dir='ltr'>in</span> <span class='ocrx_word' id='word_1_300' title='bbox 1387 1395 1591 1439; x_wconf 77' lang='lat' dir='ltr'>Mandorla,</span> <span class='ocrx_word' id='word_1_301' title='bbox 1635 1392 1692 1431; x_wconf 77' lang='lat' dir='ltr'>seu</span> <span class='ocrx_word' id='word_1_302' title='bbox 1733 1398 1837 1431; x_wconf 80' lang='lat' dir='ltr'>Man-</span> 
     </span>
     <span class='ocr_line' id='line_1_67' title="bbox 1123 1443 1222 1478; baseline 0.01 -1"><span class='ocrx_word' id='word_1_303' title='bbox 1123 1443 1197 1477; x_wconf 86' lang='lat' dir='ltr'>dola</span> <span class='ocrx_word' id='word_1_304' title='bbox 1214 1469 1222 1478; x_wconf 88' lang='lat'><strong>.</strong></span> 
     </span>
    </p>

    <p class='ocr_par' dir='ltr' id='par_1_22' title="bbox 1072 1494 1839 2407">
     <span class='ocr_line' id='line_1_68' title="bbox 1072 1494 1835 1538; baseline 0.01 -10"><span class='ocrx_word' id='word_1_305' title='bbox 1072 1494 1248 1530; x_wconf 78' lang='lat' dir='ltr'>Maniera.</span> <span class='ocrx_word' id='word_1_306' title='bbox 1289 1495 1438 1538; x_wconf 78' lang='lat' dir='ltr'><em>Modus,</em></span> <span class='ocrx_word' id='word_1_307' title='bbox 1483 1500 1577 1533; x_wconf 80' lang='lat' dir='ltr'>Mos.</span> <span class='ocrx_word' id='word_1_308' title='bbox 1615 1497 1754 1535; x_wconf 82' lang='lat' dir='ltr'>Voffius</span> <span class='ocrx_word' id='word_1_309' title='bbox 1795 1498 1835 1536; x_wconf 83' lang='lat'>&amp;</span> 
     </span>
     <span class='ocr_line' id='line_1_69' title="bbox 1126 1543 1838 1593; baseline 0.008 -14"><span class='ocrx_word' id='word_1_310' title='bbox 1126 1543 1312 1593; x_wconf 88' lang='lat' dir='ltr'>Menagius</span> <span class='ocrx_word' id='word_1_311' title='bbox 1341 1558 1359 1580; x_wconf 84' lang='lat' dir='ltr'>a</span> <span class='ocrx_word' id='word_1_312' title='bbox 1389 1548 1512 1580; x_wconf 83' lang='lat' dir='ltr'>Manus</span> <span class='ocrx_word' id='word_1_313' title='bbox 1543 1548 1703 1588; x_wconf 87' lang='lat' dir='ltr'>Latino,</span> <span class='ocrx_word' id='word_1_314' title='bbox 1733 1563 1838 1585; x_wconf 88' lang='lat' dir='ltr'>voca-</span> 
     </span>
     <span class='ocr_line' id='line_1_70' title="bbox 1124 1595 1836 1637; baseline 0.01 -8"><span class='ocrx_word' id='word_1_315' title='bbox 1124 1595 1246 1630; x_wconf 89' lang='lat' dir='ltr'>bulum</span> <span class='ocrx_word' id='word_1_316' title='bbox 1275 1595 1360 1630; x_wconf 85' lang='lat' dir='ltr'>istud</span> <span class='ocrx_word' id='word_1_317' title='bbox 1387 1596 1580 1633; x_wconf 83' lang='lat' dir='ltr'>deduxere.</span> <span class='ocrx_word' id='word_1_318' title='bbox 1609 1599 1671 1634; x_wconf 85' lang='lat' dir='ltr'>Sed</span> <span class='ocrx_word' id='word_1_319' title='bbox 1700 1602 1836 1637; x_wconf 87' lang='lat' dir='ltr'>nullam</span> 
     </span>
     <span class='ocr_line' id='line_1_71' title="bbox 1124 1644 1836 1697; baseline 0.008 -17"><span class='ocrx_word' id='word_1_320' title='bbox 1124 1644 1152 1681; x_wconf 88' lang='lat' dir='ltr'>ii</span> <span class='ocrx_word' id='word_1_321' title='bbox 1190 1644 1350 1682; x_wconf 84' lang='lat' dir='ltr'>adferunt</span> <span class='ocrx_word' id='word_1_322' title='bbox 1386 1648 1533 1683; x_wconf 85' lang='lat' dir='ltr'>cauffam</span> <span class='ocrx_word' id='word_1_323' title='bbox 1570 1649 1741 1697; x_wconf 82' lang='lat' dir='ltr'>ejusmodi</span> <span class='ocrx_word' id='word_1_324' title='bbox 1776 1651 1836 1686; x_wconf 85' lang='lat' dir='ltr'>de-</span> 
     </span>
     <span class='ocr_line' id='line_1_72' title="bbox 1124 1696 1832 1737; baseline 0.008 -7"><span class='ocrx_word' id='word_1_325' title='bbox 1124 1696 1333 1733; x_wconf 86' lang='lat' dir='ltr'>rivationis.</span> <span class='ocrx_word' id='word_1_326' title='bbox 1372 1698 1574 1735; x_wconf 86' lang='lat' dir='ltr'>Videndum</span> <span class='ocrx_word' id='word_1_327' title='bbox 1612 1713 1654 1735; x_wconf 89' lang='lat' dir='ltr'>an</span> <span class='ocrx_word' id='word_1_328' title='bbox 1693 1700 1783 1736; x_wconf 75' lang='lat' dir='ltr'>forte</span> <span class='ocrx_word' id='word_1_329' title='bbox 1812 1715 1832 1737; x_wconf 83' lang='lat' dir='ltr'>a</span> 
     </span>
     <span class='ocr_line' id='line_1_73' title="bbox 1125 1747 1838 1800; baseline 0.006 -17"><span class='ocrx_word' id='word_1_330' title='bbox 1125 1747 1339 1783; x_wconf 87' lang='lat' dir='ltr'>Germanico</span> <span class='ocrx_word' id='word_1_331' title='bbox 1368 1751 1498 1794; x_wconf 81' lang='lat' dir='ltr'>Mann,</span> <span class='ocrx_word' id='word_1_332' title='bbox 1528 1750 1743 1800; x_wconf 78' lang='lat' dir='ltr'>significante</span> <span class='ocrx_word' id='word_1_333' title='bbox 1771 1755 1838 1786; x_wconf 85' lang='lat' dir='ltr'>Ho-</span> 
     </span>
     <span class='ocr_line' id='line_1_74' title="bbox 1125 1798 1837 1842; baseline 0.007 -10"><span class='ocrx_word' id='word_1_334' title='bbox 1125 1813 1193 1842; x_wconf 87' lang='lat' dir='ltr'>mo,</span> <span class='ocrx_word' id='word_1_335' title='bbox 1233 1798 1431 1836; x_wconf 84' lang='lat' dir='ltr'>derivatum</span> <span class='ocrx_word' id='word_1_336' title='bbox 1461 1800 1586 1838; x_wconf 78' lang='lat' dir='ltr'>fuerit.</span> <span class='ocrx_word' id='word_1_337' title='bbox 1625 1804 1701 1838; x_wconf 88' lang='lat' dir='ltr'>Nos</span> <span class='ocrx_word' id='word_1_338' title='bbox 1730 1805 1837 1837; x_wconf 79' lang='lat' dir='ltr'>Mores</span> 
     </span>
     <span class='ocr_line' id='line_1_75' title="bbox 1125 1849 1838 1900; baseline 0.007 -16"><span class='ocrx_word' id='word_1_339' title='bbox 1125 1849 1334 1890; x_wconf 89' lang='lat' dir='ltr'>hominum,</span> <span class='ocrx_word' id='word_1_340' title='bbox 1364 1853 1511 1886; x_wconf 81' lang='lat' dir='ltr'>Maniere</span> <span class='ocrx_word' id='word_1_341' title='bbox 1531 1854 1769 1900; x_wconf 83' lang='lat' dir='ltr'>appellamus,</span> <span class='ocrx_word' id='word_1_342' title='bbox 1797 1866 1838 1889; x_wconf 90' lang='lat' dir='ltr'>u-</span> 
     </span>
     <span class='ocr_line' id='line_1_76' title="bbox 1125 1899 1836 1944; baseline 0.004 -8"><span class='ocrx_word' id='word_1_343' title='bbox 1125 1899 1156 1937; x_wconf 83' lang='lat' dir='ltr'>ti</span> <span class='ocrx_word' id='word_1_344' title='bbox 1185 1901 1334 1944; x_wconf 76' lang='lat' dir='ltr'>Bellierie</span> <span class='ocrx_word' id='word_1_345' title='bbox 1361 1902 1512 1939; x_wconf 86' lang='lat' dir='ltr'>dicimus</span> <span class='ocrx_word' id='word_1_346' title='bbox 1534 1903 1689 1940; x_wconf 69' lang='lat' dir='ltr'>afflones</span> <span class='ocrx_word' id='word_1_347' title='bbox 1716 1903 1836 1939; x_wconf 87' lang='lat' dir='ltr'>homi-</span> 
     </span>
     <span class='ocr_line' id='line_1_77' title="bbox 1126 1952 1837 2002; baseline 0.006 -15"><span class='ocrx_word' id='word_1_348' title='bbox 1126 1964 1233 1994; x_wconf 74' lang='lat' dir='ltr'>num,</span> <span class='ocrx_word' id='word_1_349' title='bbox 1272 1952 1397 1988; x_wconf 89' lang='lat' dir='ltr'>Bestias</span> <span class='ocrx_word' id='word_1_350' title='bbox 1436 1954 1685 1991; x_wconf 82' lang='lat' dir='ltr'>imitantium.</span> <span class='ocrx_word' id='word_1_351' title='bbox 1723 1953 1837 2002; x_wconf 85' lang='lat' dir='ltr'>Angli</span> 
     </span>
     <span class='ocr_line' id='line_1_78' title="bbox 1126 2004 1838 2050; baseline 0.003 -13"><span class='ocrx_word' id='word_1_352' title='bbox 1126 2015 1266 2050; x_wconf 90' lang='lat' dir='ltr'>quoque</span> <span class='ocrx_word' id='word_1_353' title='bbox 1295 2016 1381 2040; x_wconf 90' lang='lat' dir='ltr'>voce</span> <span class='ocrx_word' id='word_1_354' title='bbox 1411 2007 1566 2040; x_wconf 80' lang='lat' dir='ltr'>Manners</span> <span class='ocrx_word' id='word_1_355' title='bbox 1594 2006 1634 2041; x_wconf 88' lang='lat' dir='ltr'>ad</span> <span class='ocrx_word' id='word_1_356' title='bbox 1673 2005 1766 2041; x_wconf 86' lang='lat' dir='ltr'>idem</span> <span class='ocrx_word' id='word_1_357' title='bbox 1796 2004 1838 2039; x_wconf 85' lang='lat' dir='ltr'>s1-</span> 
     </span>
     <span class='ocr_line' id='line_1_79' title="bbox 1125 2053 1838 2100; baseline 0.006 -13"><span class='ocrx_word' id='word_1_358' title='bbox 1125 2053 1363 2100; x_wconf 84' lang='lat' dir='ltr'>gnificandurn</span> <span class='ocrx_word' id='word_1_359' title='bbox 1412 2064 1588 2092; x_wconf 85' lang='lat' dir='ltr'>utuntur.</span> <span class='ocrx_word' id='word_1_360' title='bbox 1631 2056 1745 2092; x_wconf 84' lang='lat' dir='ltr'>Gallis</span> <span class='ocrx_word' id='word_1_361' title='bbox 1791 2055 1838 2091; x_wconf 89' lang='lat' dir='ltr'>est</span> 
     </span>
     <span class='ocr_line' id='line_1_80' title="bbox 1126 2105 1836 2154; baseline 0.003 -15"><span class='ocrx_word' id='word_1_362' title='bbox 1126 2105 1295 2149; x_wconf 82' lang='lat' dir='ltr'>Maniere,</span> <span class='ocrx_word' id='word_1_363' title='bbox 1334 2105 1501 2154; x_wconf 86' lang='lat' dir='ltr'>Hispanis</span> <span class='ocrx_word' id='word_1_364' title='bbox 1533 2109 1690 2141; x_wconf 70' lang='lat' dir='ltr'>Munera.</span> <span class='ocrx_word' id='word_1_365' title='bbox 1730 2108 1836 2141; x_wconf 72' lang='lat' dir='ltr'>Inve-</span> 
     </span>
     <span class='ocr_line' id='line_1_81' title="bbox 1125 2154 1839 2203; baseline 0.001 -13"><span class='ocrx_word' id='word_1_366' title='bbox 1125 2154 1187 2190; x_wconf 85' lang='lat' dir='ltr'>nio</span> <span class='ocrx_word' id='word_1_367' title='bbox 1223 2168 1363 2202; x_wconf 85' lang='lat' dir='ltr'>quoque</span> <span class='ocrx_word' id='word_1_368' title='bbox 1401 2155 1488 2203; x_wconf 87' lang='lat' dir='ltr'>apud</span> <span class='ocrx_word' id='word_1_369' title='bbox 1526 2158 1721 2193; x_wconf 86' lang='lat' dir='ltr'>Germanos</span> <span class='ocrx_word' id='word_1_370' title='bbox 1755 2158 1839 2191; x_wconf 77' lang='lat' dir='ltr'>Ma-</span> 
     </span>
     <span class='ocr_line' id='line_1_82' title="bbox 1126 2204 1838 2255; baseline 0.004 -15"><span class='ocrx_word' id='word_1_371' title='bbox 1126 2205 1215 2249; x_wconf 83' lang='lat' dir='ltr'>m‘er,</span> <span class='ocrx_word' id='word_1_372' title='bbox 1245 2204 1298 2241; x_wconf 88' lang='lat' dir='ltr'>sed</span> <span class='ocrx_word' id='word_1_373' title='bbox 1320 2205 1445 2254; x_wconf 84' lang='lat' dir='ltr'>ignoro</span> <span class='ocrx_word' id='word_1_374' title='bbox 1467 2220 1549 2242; x_wconf 86' lang='lat' dir='ltr'>num</span> <span class='ocrx_word' id='word_1_375' title='bbox 1572 2207 1718 2255; x_wconf 82' lang='lat' dir='ltr'>antiqua</span> <span class='ocrx_word' id='word_1_376' title='bbox 1739 2219 1811 2243; x_wconf 83' lang='lat' dir='ltr'>vox</span> <span class='ocrx_word' id='word_1_377' title='bbox 1826 2234 1838 2252; x_wconf 88' lang='lat'>‚</span> 
     </span>
     <span class='ocr_line' id='line_1_83' title="bbox 1124 2255 1838 2307; baseline 0.003 -16"><span class='ocrx_word' id='word_1_378' title='bbox 1124 2256 1159 2291; x_wconf 74' lang='grc' dir='ltr'>δε</span> <span class='ocrx_word' id='word_1_379' title='bbox 1188 2255 1326 2304; x_wconf 88' lang='lat' dir='ltr'>propria</span> <span class='ocrx_word' id='word_1_380' title='bbox 1354 2257 1451 2293; x_wconf 87' lang='lat' dir='ltr'>illius</span> <span class='ocrx_word' id='word_1_381' title='bbox 1491 2257 1652 2307; x_wconf 85' lang='lat' dir='ltr'>Linguae</span> <span class='ocrx_word' id='word_1_382' title='bbox 1690 2257 1754 2301; x_wconf 86' lang='lat' dir='ltr'>fit,</span> <span class='ocrx_word' id='word_1_383' title='bbox 1793 2270 1838 2293; x_wconf 75' lang='lat' dir='ltr'>an</span> 
     </span>
     <span class='ocr_line' id='line_1_84' title="bbox 1125 2306 1837 2355; baseline 0.001 -13"><span class='ocrx_word' id='word_1_384' title='bbox 1125 2306 1242 2354; x_wconf 82' lang='lat' dir='ltr'>potius</span> <span class='ocrx_word' id='word_1_385' title='bbox 1270 2307 1490 2344; x_wconf 84' lang='lat' dir='ltr'>adventicia.</span> <span class='ocrx_word' id='word_1_386' title='bbox 1521 2308 1555 2345; x_wconf 89' lang='lat' dir='ltr'>Si</span> <span class='ocrx_word' id='word_1_387' title='bbox 1585 2309 1749 2355; x_wconf 80' lang='lat' dir='ltr'>propria:</span> <span class='ocrx_word' id='word_1_388' title='bbox 1779 2307 1837 2344; x_wconf 81' lang='lat' dir='ltr'>in-</span> 
     </span>
     <span class='ocr_line' id='line_1_85' title="bbox 1123 2356 1725 2407; baseline 0.005 -15"><span class='ocrx_word' id='word_1_389' title='bbox 1123 2356 1164 2392; x_wconf 89' lang='lat' dir='ltr'>de</span> <span class='ocrx_word' id='word_1_390' title='bbox 1191 2357 1319 2406; x_wconf 85' lang='lat' dir='ltr'>reliqui</span> <span class='ocrx_word' id='word_1_391' title='bbox 1351 2359 1478 2407; x_wconf 86' lang='lat' dir='ltr'>Populi</span> <span class='ocrx_word' id='word_1_392' title='bbox 1506 2360 1725 2405; x_wconf 85' lang='lat' dir='ltr'>acceperint.</span> 
     </span>
    </p>

    <p class='ocr_par' dir='ltr' id='par_1_23' title="bbox 1073 2409 1841 2611">
     <span class='ocr_line' id='line_1_86' title="bbox 1073 2409 1839 2453; baseline 0.007 -11"><span class='ocrx_word' id='word_1_393' title='bbox 1073 2409 1255 2444; x_wconf 79' lang='lat' dir='ltr'>Mannaia.</span> <span class='ocrx_word' id='word_1_394' title='bbox 1284 2410 1464 2453; x_wconf 58' lang='lat' dir='ltr'>Ripensis,</span> <span class='ocrx_word' id='word_1_395' title='bbox 1501 2411 1642 2447; x_wconf 78' lang='lat' dir='ltr'>securis.</span> <span class='ocrx_word' id='word_1_396' title='bbox 1685 2412 1738 2447; x_wconf 90' lang='lat' dir='ltr'>De</span> <span class='ocrx_word' id='word_1_397' title='bbox 1774 2410 1839 2447; x_wconf 76' lang='lat' dir='ltr'>hae</span> 
     </span>
     <span class='ocr_line' id='line_1_87' title="bbox 1122 2459 1840 2510; baseline 0.007 -18"><span class='ocrx_word' id='word_1_398' title='bbox 1122 2471 1210 2495; x_wconf 85' lang='lat' dir='ltr'>voce</span> <span class='ocrx_word' id='word_1_399' title='bbox 1238 2459 1330 2494; x_wconf 84' lang='lat' dir='ltr'>nihil</span> <span class='ocrx_word' id='word_1_400' title='bbox 1361 2460 1577 2510; x_wconf 81' lang='lat' dir='ltr'>Menagius3</span> <span class='ocrx_word' id='word_1_401' title='bbox 1608 2462 1726 2498; x_wconf 86' lang='lat' dir='ltr'>nescio</span> <span class='ocrx_word' id='word_1_402' title='bbox 1745 2488 1754 2505; x_wconf 92' lang='lat'>‚</span> <span class='ocrx_word' id='word_1_403' title='bbox 1795 2472 1840 2497; x_wconf 82' lang='lat' dir='ltr'>an</span> 
     </span>
     <span class='ocr_line' id='line_1_88' title="bbox 1123 2509 1839 2559; baseline 0.006 -15"><span class='ocrx_word' id='word_1_404' title='bbox 1123 2509 1218 2556; x_wconf 87' lang='lat' dir='ltr'>quod</span> <span class='ocrx_word' id='word_1_405' title='bbox 1246 2509 1338 2546; x_wconf 81' lang='lat' dir='ltr'>nihil</span> <span class='ocrx_word' id='word_1_406' title='bbox 1368 2510 1575 2548; x_wconf 80' lang='lat' dir='ltr'>succurrerit</span> <span class='ocrx_word' id='word_1_407' title='bbox 1611 2513 1652 2548; x_wconf 88' lang='lat' dir='ltr'>ad</span> <span class='ocrx_word' id='word_1_408' title='bbox 1694 2512 1768 2559; x_wconf 87' lang='lat' dir='ltr'>ejus</span> <span class='ocrx_word' id='word_1_409' title='bbox 1796 2525 1839 2548; x_wconf 88' lang='lat'>0-</span> 
     </span>
     <span class='ocr_line' id='line_1_89' title="bbox 1123 2560 1841 2611; baseline 0.006 -15"><span class='ocrx_word' id='word_1_410' title='bbox 1123 2560 1275 2611; x_wconf 76' lang='lat' dir='ltr'>riginem</span> <span class='ocrx_word' id='word_1_411' title='bbox 1303 2560 1569 2611; x_wconf 82' lang='lat' dir='ltr'>explicandam,</span> <span class='ocrx_word' id='word_1_412' title='bbox 1598 2575 1641 2599; x_wconf 84' lang='lat' dir='ltr'>an</span> <span class='ocrx_word' id='word_1_413' title='bbox 1664 2576 1707 2599; x_wconf 82' lang='lat' dir='ltr'>ex</span> <span class='ocrx_word' id='word_1_414' title='bbox 1738 2562 1841 2600; x_wconf 86' lang='lat' dir='ltr'>incu-</span> 
     </span>
    </p>

    <p class='ocr_par' dir='ltr' id='par_1_24' title="bbox 1712 2611 1789 2656">
     <span class='ocr_line' id='line_1_90' title="bbox 1712 2611 1789 2656; baseline -0.013 -5"><span class='ocrx_word' id='word_1_415' title='bbox 1712 2611 1789 2656; x_wconf 53' lang='lat' dir='ltr'>fia)</span> 
     </span>
    </p>
   </div>
  </div>
 </body>
</html>
