2169 3047
430 254 509 295 135
689 242 730 282 A
753 241 795 283 Ν
817 242 849 283 Γ
869 243 892 284 1

369 298 436 334 chio
464 299 476 344 (
495 296 667 347 Estenfis)
691 309 782 346 pater
801 302 1000 336 Marchicnis
1020 302 1130 345 ssim,
1157 303 1218 357 ΙΑΙ

367 350 411 384 (9'
430 350 491 384 alii
517 350 555 383 de
582 350 734 386 Marcbia
760 353 878 386 nobiles
903 353 950 390 ό*
967 364 1106 400 potentes
1122 379 1130 388 .

367 403 476 445 ,Quam
502 399 633 436 Curiam
657 411 748 448 pater
774 415 858 436 meus
883 403 1029 438 honorare
1049 402 1129 444 defi—

366 454 512 491 derum,
554 452 666 486 habuit
707 453 848 487 undecim
889 454 1046 498 Μιίὶϊες,
1088 455 1131 488 &⁵

369 501 434 548 ipse
477 501 597 545 exstitit
636 503 819 537 duodenus:
859 517 985 551 quornm
1027 505 1131 539 omnia

363 551 488 595 similia
519 553 651 596 fuerunt
685 553 892 598 vestimenta,
934 556 969 589 in
1009 568 1041 590 re
1066 569 1131 590 una

363 603 556 648 solummodo
602 604 813 648 discrepantia
829 631 839 648 ,
889 608 971 651 quod
1012 605 1131 650 scilicet

369 664 553 688 mantatura
577 654 680 700 patris
707 654 767 688 mei
787 655 854 698 fuit
880 657 919 690 de
944 657 1130 701 armninis,

362 703 422 750 sed
456 704 591 739 aliorum
625 707 663 740 de
694 705 836 751 pretiosis
871 706 962 741 varis
997 708 1129 743 sclavo-

369 755 443 789 niae
470 755 537 791 &c.

420 805 518 850 Quid
546 804 583 840 in
611 819 650 841 ea
677 807 786 842 Curia
823 806 953 843 facium
996 807 1128 853 fuerit,

365 853 444 891 filet
473 855 712 893 Rolandinus.
741 857 804 893 Sed
827 871 902 894 mos
923 868 996 894 erat
1016 860 1127 896 Ludis

364 905 605 949 militaribus,
656 907 740 943 idest
781 910 1054 946 Torneamentis
1093 912 1127 946 &

367 955 544 996 Giostris‚
572 957 720 1006 aliisque
748 957 840 995 fifitis
878 961 1127 996 certaminibus

367 1019 508 1055 operam
537 1006 640 1051 dare,
680 1008 842 1054 choreis,
879 1011 913 1045 8(
951 1011 1128 1047 conviviis

368 1057 525 1106 opiparis
562 1057 769 1107 indulgere,
806 1061 965 1107 equitum
1005 1061 1128 1097 choros

369 1107 549 1156 splendide
577 1119 713 1144 comtos
741 1110 885 1150 ducere,
923 1111 1124 1159 Hippodro-

367 1158 467 1198 mia,
519 1157 587 1194 five
629 1172 736 1207 equos
780 1161 877 1196 cursu
932 1173 1103 1198 certantes
1121 1192 1130 1207 ‚

370 1209 509 1256 aliaque
547 1209 719 1252 ejusmodi
760 1211 1019 1248 oblefflmenta
1061 1227 1130 1249 non

368 1258 438 1294 fine
465 1258 669 1296 incredibili
705 1261 968 1310 magnificentia
1006 1277 1044 1299 ac
1072 1278 1130 1309 ap-

368 1318 492 1358 paratu
519 1320 804 1348 ornamentorum
834 1314 1022 1350 exhibere.
1053 1316 1131 1351 Ple-

368 1373 517 1410 rumque
544 1361 652 1397 etiam
681 1362 795 1399 mensa
826 1364 986 1400 Palatina
1013 1366 1130 1401 omni-

368 1411 431 1447 bus
459 1411 729 1449 advenientibus
767 1425 884 1461 parata
912 1425 1008 1450 erat.
1047 1418 1131 1461 Quo

369 1471 529 1508 tempore
557 1462 760 1499 Bonifacius
789 1464 953 1500 Marchio
981 1463 1018 1501 &
1049 1468 1130 1502 Dux

369 1512 521 1549 Tusciae
558 1513 698 1562 nuptias
734 1514 818 1550 iniit
856 1528 933 1551 cum
974 1516 1132 1552 Beatrice

371 1563 543 1600 Friderici
582 1564 838 1612 Lotharingtae
881 1566 989 1601 Ducis
1032 1566 1131 1607 filia,

366 1612 435 1648 hoc
462 1614 507 1649 est
550 1613 692 1650 circiter
732 1617 877 1652 Annum
920 1618 1131 1652 Mxxx1x.

368 1663 559 1712 magnifice
588 1666 699 1700 multa
721 1666 763 1701 ab
788 1680 829 1702 eo
853 1666 931 1702 sunt
951 1667 1049 1707 afta,
1077 1668 1132 1705 uti

368 1724 486 1750 narrat
517 1715 658 1751 Donizo
686 1715 724 1751 in
767 1717 852 1752 Vita
880 1718 1070 1754 Mathildis
1097 1733 1131 1755 e-

371 1765 426 1813 jus
454 1764 550 1800 filiae
578 1766 660 1801 Lib.
690 1766 792 1813 prim.
821 1766 911 1816 Cap.
940 1782 975 1816 9.
1013 1771 1133 1805 Tomo

372 1817 418 1850 V.
447 1817 528 1850 Rer.
556 1815 760 1852 Italicarum
777 1843 786 1853 .
824 1819 878 1853 En
906 1819 979 1868 ejus
1006 1820 1130 1856 verba:

423 1935 612 1944 -----
640 1918 710 1964 ⁸Qui
728 1921 805 1953 Dux
824 1933 889 1953 cum
902 1930 1041 1966 pergeret
1058 1920 1113 1954 illo
1124 1946 1134 1961 ‚

424 1971 565 2002 Ornatus
604 1982 732 2015 magnos
761 1970 864 2014 secum
904 1971 1003 2015 tulit,
1042 1982 1136 2019 atque

527 2019 663 2053 caballos
673 2043 684 2058 ‚

425 2069 494 2104 sub
517 2067 652 2115 pedibus
679 2082 806 2115 quorum
829 2071 981 2106 chalibem
1002 2085 1061 2107 non
1078 2084 1135 2121 po-

529 2133 598 2153 nere
619 2120 722 2164 foliam

416 2167 588 2215 Jufferat‚
628 2181 791 2217 argentum
825 2172 884 2217 sed
919 2183 1056 2217 ponere,
1091 2175 1137 2217 fit

528 2220 616 2268 quasi
643 2221 781 2260 ferrum:

425 2268 499 2317 Effe
525 2271 725 2356 replejrcuffum
749 2273 875 2308 clavum
897 2274 1002 2309 voluit
1020 2288 1136 2323 qnoque

527 2335 568 2355 nu
598 2336 648 2356 um
666 2350 677 2365 ‚

424 2373 480 2408 Ex
505 2372 557 2406 hoe
585 2384 620 2407 ut
642 2383 753 2421 gentes
774 2373 893 2423 peffent
916 2376 1047 2421 reperire
1066 2377 1135 2425 quis

527 2421 598 2469 effet
607 2450 616 2460 .

375 2495 470 2535 Infra
497 2498 594 2536 addit
607 2512 616 2535 :

427 2577 491 2611 Per
508 2575 624 2623 menses
641 2585 743 2613 ternos
752 2575 844 2624 fiunt
862 2577 1014 2615 convivia
1026 2605 1036 2625 ,
1063 2581 1137 2615 vera)

914 240 1438 300 QUJT.MED11
1478 245 1679 285 aem

1862 261 1877 288 1
1892 254 1941 300 36

1293 304 1366 336 Non
1394 301 1442 336 ibi
1459 303 1622 349 pigmenta
1643 304 1818 343 tritantur,
1841 303 1898 348 sed
1919 303 2008 351 quast

1392 354 1502 399 spelta
1515 367 1535 396 ‚·

1291 406 1354 438 Ad
1391 407 1507 447 cursum
1545 405 1706 451 Lymphae
1747 405 2003 440 molendinantur

1395 455 1535 489 ibidem:

1293 504 1426 551 Gurgite
1465 506 1503 539 de
1540 506 1629 550 putei
1666 518 1758 551 potus
1807 507 2004 554 trahiturque

1398 556 1521 604 Lyaei3

1294 608 1348 640 Ex
1374 607 1438 641 alio
1462 617 1554 652 puteo
1579 607 1730 651 refluebat
1753 608 1865 654 potio:
1890 621 1964 642 vero

1293 656 1403 690 Situla
1425 657 1582 702 pendebat
1608 671 1644 690 ex
1669 670 1839 703 argentove
1874 668 2005 702 catena,

1293 711 1373 740 Cum
1399 708 1511 753 quibus
1538 708 1683 741 hauritur
1704 707 1877 753 dulciffima
1894 709 1979 752 potio
1997 732 2008 748 ,

1394 770 1506 791 vinum
1520 769 1535 790 .·

1293 809 1394 842 obbas
1420 808 1474 840 vel
1501 809 1603 841 lances
1629 809 1673 842 ad
1707 809 1842 854 mensam
1877 808 1945 857 fert
1973 823 2004 843 e-

1393 871 1492 905 quus,
1519 869 1612 903 atque

1291 912 1437 956 Argenta
1462 909 1645 955 splendent,
1667 922 1742 944 auro
1760 922 1876 957 quoqne
1896 911 2009 956 vascu-

1394 962 1427 993 la
1454 960 1573 1003 mensae
1600 960 1668 994 &a

1241 1061 1337 1095 Tum
1361 1062 1442 1095 verb
1469 1059 1668 1106 praesertim
1698 1060 1825 1096 hilares
1853 1060 1904 1097 isti
1935 1063 2006 1097 1²0-

1244 1111 1404 1158 pulorum
1434 1120 1627 1145 conventus
1657 1112 1822 1146 celebrari
1861 1112 2007 1147 consue-

1245 1170 1390 1203 verunt,
1418 1174 1526 1208 quum
1551 1161 1733 1208 quisquam
1761 1175 1803 1196 ex
1828 1162 2004 1209 Principi—

1243 1211 1303 1246 bus
1331 1211 1493 1246 Uxorem
1532 1211 1705 1253 ducebat,
1744 1223 1803 1247 aut
1842 1211 2003 1248 Militari

1243 1262 1406 1308 cingulo,
1435 1261 1502 1297 five
1530 1261 1661 1297 honore
1688 1262 1851 1298 Militiae
1871 1264 2006 1298 donan-

1244 1315 1304 1347 dus
1332 1322 1404 1347 erat
1423 1339 1431 1347 .
1459 1314 1565 1348 Certe
1592 1312 1673 1347 dum
1703 1315 1820 1347 Curiae
1848 1312 2006 1348 solennes

1245 1363 1528 1403 celebrabantur,
1558 1372 1641 1398 tunc
1662 1363 1768 1399 etiam
1796 1377 1905 1398 novos
1929 1364 2006 1399 Mi-

1244 1413 1324 1448 lites
1353 1426 1466 1448 creare
1494 1412 1654 1449 ufiratum
1686 1414 1773 1450 fuit.
1811 1413 1852 1449 In
1889 1415 2007 1450 Chro-

1247 1463 1326 1498 nico
1362 1463 1514 1505 Estenfi,
1543 1465 1663 1499 Tomo
1702 1467 1778 1498 XV.
1820 1467 1898 1500 Rer.
1935 1465 2009 1500 Ita-

1246 1513 1342 1548 licat.
1389 1513 1429 1548 ad
1477 1515 1622 1548 Annum
1677 1515 1903 1549 MCCXCV.
1953 1514 2010 1551 seu

1247 1563 1364 1612 potius
1392 1562 1639 1599 McchIV.
1664 1568 1763 1610 ,Αζζο
1790 1565 1936 1599 Marchio
1961 1568 2010 1599 E-

1241 1614 1372 1656 stenfis,
1394 1615 1590 1658 Ferrariae,
1611 1616 1796 1658 Mutinae,
1821 1616 1922 1663 Regii
1939 1616 2008 1651 ἃς.

1247 1664 1437 1708 dominus,
1469 1665 1578 1708 fac'lus
1608 1665 1676 1709 suit
1712 1666 1814 1700 Miles
1852 1677 1905 1710 per
1942 1669 2012 1701 Do-

1247 1716 1365 1748 minum
1393 1716 1564 1749 Girardum
1600 1717 1639 1749 de
1665 1717 1799 1750 Camino
1817 1740 1826 1752 ,
1856 1718 1910 1762 qui
1938 1727 2012 1752 tune

1247 1765 1391 1798 dominus
1427 1775 1494 1798 erat
1530 1765 1686 1798 Civitatis
1715 1765 1882 1804 Tri-viarii,
1916 1768 2012 1810 super

1248 1817 1362 1849 Platea
1402 1814 1582 1849 Communis
1619 1815 1786 1849 Ferrariae
1826 1825 1898 1849 ante
1935 1827 2010 1863 por-

1247 1875 1313 1899 tam
1341 1865 1567 1911 Episcopatus.
1596 1867 1642 1899 Et
1671 1879 1785 1912 magna
1811 1866 1911 1901 Curia
1935 1876 2009 1901 tunc

1243 1915 1311 1959 fuit
1346 1915 1379 1949 in
1414 1916 1588 1951 Ferraria.
1626 1916 1792 1951 Eamdem
1829 1929 1898 1951 rem
1934 1919 2012 1953 Au-

1248 1964 1325 2001 Εὶοι·
1359 1964 1535 2001 Chronici
1573 1965 1761 2001 Parmensis
1798 1968 1917 2002 Temo
1948 1969 2009 2003 IX.

1250 2018 1328 2051 Rer.
1367 2016 1567 2052 Italicarum
1611 2017 1651 2052 ad
1699 2019 1841 2053 Annum
1879 2020 2009 2054 MCC-

1251 2068 1381 2102 xciv.
1409 2066 1502 2103 hisce
1539 2067 1655 2103 verbis
1683 2079 1846 2104 enarrat:
1888 2071 1924 2103 In
1956 2068 2007 2112 fe-

1242 2117 1393 2160 stivitate
1437 2118 1580 2167 omnium
1619 2118 1805 2154 SanHorum
1851 2119 2009 2155 Dominus

1248 2172 1348 2213 Azzo
1376 2170 1520 2203 Marchio
1548 2169 1711 2213 Estenfis,
1747 2184 1812 2205 una
1848 2183 1914 2204 cum
1942 2173 2010 2204 Do-

1250 2219 1330 2253 mino
1366 2220 1590 2260 Franceschmo
1625 2221 1728 2264 fratre
1761 2221 1846 2265 suo,
1883 2232 2008 2266 congre-

1245 2270 1343 2317 gavit
1383 2270 1416 2304 in
1452 2271 1596 2306 civitate
1632 2272 1800 2306 Ferrariae
1836 2272 2005 2306 maximam

1249 2319 1295 2359 &⁶
1337 2321 1545 2356 honorabilem
1580 2322 1711 2357 Curiam
1753 2322 1889 2356 omnium
1927 2323 2006 2355 Pro-

1249 2384 1347 2406 cerum
1379 2372 1561 2407 Civitatum
1595 2373 1802 2408 Lombardiae
1832 2373 1870 2405 de
1897 2371 2007 2406 amicis

1243 2422 1334 2467 suis.
1371 2424 1409 2457 In
1444 2436 1506 2470 qua
1541 2424 1641 2459 Curia
1670 2422 1775 2467 sallus
1803 2421 1870 2464 suit
1901 2422 2006 2456 Miles

1249 2486 1315 2507 cum
1348 2473 1507 2518 praedi&
1538 2474 1638 2518 fratre
1667 2473 1722 2517 suo
1752 2483 1808 2518 per
1834 2474 2005 2506 Dominum

1249 2525 1423 2559 &erardum
1457 2526 1496 2558 de
1531 2525 1662 2559 Camino
1689 2521 1861 2558 Dominum
1888 2522 2006 2557 Tervi-

1241 2573 1288 2616 fii
1323 2574 1391 2610 (φο.
1429 2576 1553 2622 Neque
1597 2572 1730 2610 minori
1773 2572 2002 2659 magnificien-

1905 2632 1934 2659 tl
