2169 3047
274 241 298 282 8
309 255 326 295 3
339 254 359 295 3
562 233 929 279 DJSSERTATIO
961 237 1502 284 TRIGEMMATERTIAE
1704 247 1721 287 8-
1736 260 1790 301 34

266 295 566 334 vetustiffimarum
591 306 718 328 vocum
745 295 971 343 reliquiarum
1015 300 1048 334 A

264 356 447 385 tenemus,
482 344 518 379 id
557 344 740 392 praecipue
767 345 808 380 de
844 346 889 381 iis
923 347 973 382 fa-

263 397 382 440 stum,
410 408 497 443 quae
526 394 568 430 ad
596 395 866 443 Agriculturam
896 410 972 445 per-

262 447 400 482 tinent.

213 499 386 533 Grattare.
423 495 575 540 stabere,
611 496 777 540 scalpere,
814 497 972 544 unguibus

260 551 407 582 Radere.
444 549 478 582 A
516 545 824 583 Latino-Barbam
854 551 971 583 Crata-

261 610 313 637 νε,
342 596 435 645 quod
463 610 481 632 a
509 600 605 633 Rado
630 597 851 634 efformatum
881 598 970 643 fuit,

261 647 460 692 descendit,
498 647 519 682 fi
550 647 757 696 Menagium
789 648 968 685 audimus.

261 697 438 734 Ferrarius
466 698 507 733 ab
535 699 702 744 Afferen,
737 698 862 747 ignoto
893 712 968 735 ver-

261 749 307 784 bo
342 748 431 784 illud
469 748 630 784 derivat.
667 748 802 796 Utique
838 752 970 784 Crarare

260 799 295 833 in
323 792 584 846 Burgundionum
621 798 882 848 (Du-Cangius
918 799 969 836 ait

260 849 463 897 Frifionum)
484 849 639 897 Legibus
660 851 836 894 occurrit,
855 850 967 885 idem-

259 912 328 947 que
364 899 409 934 est
436 912 514 935 cum
546 900 673 935 Italico
700 904 866 935 Grattare.
904 900 967 936 Sed

259 963 331 986 vox
359 949 420 986 ista
446 950 538 985 nihil
567 950 662 986 aliud
689 950 760 991 est,
790 950 852 986 nisi
880 953 968 986 Ger-

258 1000 438 1037 manicum
456 1006 622 1046 Kratzen,
645 1001 733 1037 unde
754 1002 861 1036 etiam
882 1002 967 1036 Gal-

260 1051 288 1087 li
309 1061 445 1088 traxere
465 1051 560 1087 suurn
582 1055 716 1095 Gruter,
736 1052 847 1100 Angli
870 1051 966 1086 suurn

259 1105 379 1147 Gran,
407 1115 469 1137 nos
499 1104 582 1136 vero
609 1105 782 1136 Grattare.

209 1156 357 1198 Greppa,
384 1155 524 1198 Greppo.
548 1155 658 1197 Rupes
677 1161 872 1196 praerupta,
896 1164 966 1186 non

257 1213 342 1246 νει-ὸ
362 1213 552 1246 numerum.
581 1211 617 1244 A
644 1210 779 1245 Graeco
800 1202 969 1258 Κρηπῖς,

258 1260 328 1296 five
365 1275 384 1297 a
420 1261 554 1297 Latino
590 1261 750 1304 Cupido,
787 1259 969 1295 derivabat

259 1311 349 1346 hanc
369 1324 494 1346 vocem
514 1310 684 1345 Guietus.
713 1310 777 1345 Sed
802 1310 894 1345 nihil
917 1310 967 1346 rei

258 1360 303 1396 est
330 1363 483 1396 Graecae
512 1369 572 1394 aut
601 1359 753 1395 Latinae
778 1359 861 1394 voci
889 1373 966 1394 cum

260 1411 385 1446 Italica
404 1437 412 1446 .
450 1410 651 1446 Videndum
672 1437 682 1450 ,
720 1422 763 1445 an
793 1409 842 1444 ita
873 1424 968 1458 prae-

259 1470 362 1509 rupta
403 1463 479 1496 loca
524 1459 712 1495 barbaricis
750 1461 968 1507 temporibus

260 1512 434 1560 appellata
460 1510 613 1553 fuerint,
638 1509 732 1558 quod
751 1511 969 1558 Gryphorum,

260 1561 329 1598 five
359 1564 525 1608 Griporum
561 1560 760 1596 habitacula
792 1561 969 1596 crederen-

259 1623 344 1649 tur.
380 1611 602 1648 Mutinenses
638 1625 676 1647 ea
713 1612 790 1647 loca
827 1612 969 1660 Grippe,

261 1662 301 1700 &
328 1664 479 1708 Grippole
505 1671 708 1710 nuncupant
724 1689 733 1698 .

207 1714 368 1761 Greppia.
393 1713 562 1759 Praesepe.
588 1713 809 1749 Vocabulum
838 1712 905 1748 hoc
933 1713 970 1748 exi

259 1765 399 1800 tantum
428 1764 469 1799 de
498 1763 612 1799 caussa
647 1763 758 1799 innuo
777 1790 787 1806 ‚
824 1773 864 1799 ut
899 1765 967 1799 Le-

258 1814 337 1851 flor
371 1813 561 1863 agnoscat,
598 1813 776 1861 quousque
804 1814 965 1861 processe—

257 1865 307 1901 rit
334 1864 548 1901 confidentia
571 1864 757 1913 Menagii,
782 1863 853 1900 viri
881 1865 966 1900 alio-

259 1915 345 1963 quin
374 1914 584 1951 doffiffimi.
612 1917 741 1950 Veram
768 1915 868 1951 vocis
894 1915 966 1950 ori-

259 1965 379 2015 ginem
415 1966 587 2001 indicarat
623 1964 800 2002 Ferrarius
822 1992 831 2009 ‚
871 1979 968 2001 nem—

258 2030 301 2064 pe
328 2016 575 2052 Germanicum
606 2017 756 2062 Krippe‚
793 2016 885 2064 quod
914 2016 969 2064 ip-

259 2065 422 2103 fiffimum
451 2066 496 2102 est
524 2066 652 2102 Italico
679 2067 846 2111 (Pappia,
885 2080 967 2114 pau-
996 2097 998 2108 ,.

259 2117 310 2154 cis
338 2117 557 2154 immutatis.
594 2116 783 2166 Menagius
820 2117 965 2152 alteram
996 2118 997 2123 ’

261 2167 417 2216 profert,
455 2181 525 2203 non
561 2166 782 2211 dubitantis,
820 2166 873 2202 sed
904 2167 966 2202 sia—

259 2218 392 2254 tuentis
413 2217 500 2254 facie
525 2218 563 2254 in
586 2217 677 2252 hunc
704 2218 848 2253 modum
868 2221 967 2253 Prae—

253 2269 346 2315 sepe‚
373 2269 561 2315 Praesepia‚
588 2268 754 2314 Cresepia‚
790 2268 938 2314 Gresept‘a
955 2294 966 2312 ‚

258 2319 398 2363 Grepia,
434 2320 591 2365 Greppia.
629 2318 726 2363 Quid
765 2318 856 2353 inter
892 2317 966 2365 eju-

258 2367 371 2405 smodi
398 2368 645 2417 Etymologias
673 2370 706 2403 &
737 2367 881 2405 Somnia
909 2369 966 2404 in-

258 2418 379 2463 tersit,
409 2420 606 2466 percontari
634 2418 760 2454 liceat.

210 2468 365 2504 Grt’dare.
384 2471 549 2514 Clamare,
574 2469 778 2504 Exclamare.
802 2471 838 2504 A
858 2471 965 2505 Grae-

261 2541 303 2562 co
343 2519 469 2576 Κρίζω
507 2528 594 2563 hanc
634 2541 756 2564 vocem
797 2528 995 2586 Nicotiusg

264 2577 441 2615 trahebat.
469 2581 600 2615 Verum
626 2591 697 2615 non
720 2579 885 2618 Clamare,
911 2578 964 2615 sed
992 2587 995 2598 ¹

310 2632 399 2665 Tem.
429 2630 484 2666 VI.

1135 307 1275 343 stridere
1301 307 1444 344 Graecis
1471 308 1516 344 est
1546 300 1718 360 Κρίζειν.
1755 315 1846 348 Om-

1135 359 1234 394 nium
1273 360 1405 408 primus
1437 359 1635 404 Varchius,
1673 370 1748 398 tum
1785 365 1847 408 Jo-

1136 408 1217 457 seph
1245 409 1419 459 Scaliger,
1446 411 1690 458 Covaruvias‚
1719 416 1847 452 Gerar-

1134 459 1196 495 dus
1223 459 1398 503 Iohannes
1430 461 1590 506 Voffius,
1628 476 1667 498 ac
1704 465 1766 500 alii
1803 480 1845 502 u-

1134 509 1291 546 nanimes
1308 539 1318 555 ,
1346 510 1530 560 scripsere,
1557 513 1728 550 Latinum
1756 518 1845 562 ‚Qui-

1134 561 1231 595 ritare
1264 561 1468 598 conversum
1507 562 1543 598 in
1573 564 1738 601 Italicum
1767 568 1845 601 Cri-

1132 613 1230 656 dare,
1252 611 1484 660 Hispanicum
1503 614 1636 654 Gritar,
1652 616 1742 650 Cn'er
1758 619 1847 653 Gal-

1134 661 1265 702 licum,
1287 661 1325 698 ὅ(
1346 664 1527 713 Belgicum
1550 666 1700 702 Kriiten.
1723 669 1847 713 Quam

1134 711 1341 748 sententiam
1368 713 1556 763 Menagius
1579 717 1744 753 ambabus
1770 731 1847 755 ma-

1134 762 1236 798 nibus
1273 763 1318 799 est
1355 766 1560 814 amplexus.
1604 768 1728 815 Neque
1768 769 1846 805 veri

1134 811 1364 850 similitudine
1392 825 1504 852 caret.
1535 818 1588 852 De
1615 816 1678 852 hae
1705 819 1845 867 origine

1133 872 1250 899 tamen
1279 864 1391 901 fateor
1418 879 1473 902 me
1501 866 1746 909 vehementer,
1774 870 1845 905 im-

1133 927 1192 949 mo
1213 915 1364 951 nimium
1389 915 1568 952 dubitare.
1599 918 1703 954 Nihil
1725 920 1819 955 aliud
1834 948 1846 961 ,

1133 966 1290 1000 Varrone
1318 965 1398 1002 teste
1415 994 1425 1011 ‚
1453 968 1620 1014 ‚Quiritum
1647 968 1741 1009 fuit,
1779 970 1846 1006 nifi

1132 1015 1313 1060 ‚Quiritium
1341 1016 1442 1062 fidem
1469 1019 1632 1053 clamando
1659 1020 1845 1067 implorare,

1131 1066 1213 1100 Hoc
1252 1079 1334 1114 ergo
1367 1068 1512 1104 verbum
1551 1070 1730 1106 Romanae
1766 1080 1848 1107 tan-

1130 1115 1208 1148 tum
1229 1114 1325 1151 Urbi
1352 1116 1391 1151 in
1419 1117 1480 1153 usu
1508 1117 1597 1158 fuit,
1619 1133 1656 1155 ac
1685 1128 1761 1156 tum
1790 1121 1846 1156 so-

1130 1164 1203 1198 lum
1222 1191 1232 1208 ‚
1260 1177 1369 1212 quum
1396 1166 1476 1213 quis
1505 1169 1682 1204 auxilium
1715 1172 1846 1218 Populi

1131 1215 1286 1250 Romani
1331 1216 1468 1265 magnis
1508 1217 1653 1254 vocibus
1697 1219 1846 1257 invoca-

1131 1264 1214 1300 bat:
1245 1266 1339 1314 quod
1368 1266 1406 1302 in
1435 1269 1680 1305 controversiis
1712 1272 1847 1319 praeci-

1130 1317 1196 1362 pue
1228 1316 1397 1352 civilibus
1433 1320 1706 1356 exclamationis
1734 1335 1844 1370 genus

1129 1363 1224 1399 fuit.
1254 1367 1365 1401 Extra
1393 1367 1500 1402 Urbis
1529 1370 1708 1416 pomoeria
1739 1372 1845 1421 igno-

1129 1423 1228 1454 tum,
1255 1414 1431 1452 insuetum
1454 1419 1640 1464 Quiritare.
1669 1421 1708 1456 Id
1737 1422 1845 1471 usque

1128 1465 1214 1500 adeo
1242 1479 1363 1501 verum
1393 1467 1459 1507 est,
1498 1479 1537 1504 ut
1567 1470 1698 1507 Rustici
1735 1472 1841 1521 ipsius

1129 1516 1282 1552 Romani
1315 1518 1412 1566 agri,
1437 1531 1544 1565 quum
1580 1522 1842 1571 exelamarent,

1128 1579 1199 1601 non
1227 1567 1392 1611 ,Quiritare
1425 1567 1479 1603 sed
1499 1570 1654 1613 Juhilare
1681 1573 1842 1611 diceren-

1128 1625 1205 1651 tur.
1233 1616 1369 1653 Testem
1399 1618 1449 1654 rei
1471 1621 1663 1656 Varronem
1691 1624 1840 1662 eundem

1128 1665 1318 1703 habemus.
1360 1670 1443 1704 Non
1482 1683 1565 1719 ergo
1602 1672 1839 1720 credendum,

1129 1725 1229 1753 tanto
1271 1717 1421 1755 successu
1467 1732 1696 1770 propagatum
1739 1724 1840 1761 fuisse

1127 1768 1294 1814 Quiritare
1333 1782 1394 1818 per
1431 1771 1628 1809 universam
1667 1775 1838 1821 Italiam.

1127 1818 1282 1854 Galliam
1301 1847 1311 1864 ‚
1356 1819 1565 1869 Hispaniam
1583 1847 1593 1862 ,
1646 1825 1807 1874 Belgium
1826 1854 1837 1871 ‚

1127 1882 1166 1904 ac
1194 1869 1280 1905 alias
1316 1870 1476 1920 regiones
1494 1899 1504 1916 ‚
1543 1882 1583 1909 ut
1609 1874 1702 1922 quasi
1732 1875 1839 1913 fami-

1126 1919 1212 1955 liare
1241 1921 1453 1958 vocabulum
1480 1922 1519 1959 in
1546 1924 1706 1970 Gridare,
1725 1926 1840 1969 Crier,

1125 1971 1265 2015 Gritar‚
1302 1972 1460 2013 Kriiten,
1497 1973 1525 2009 ii
1555 1975 1683 2024 Populi
1715 1976 1837 2013 sensim

1125 2019 1375 2058 immutarint.
1413 2025 1497 2059 Non
1534 2034 1633 2070 erat,
1668 2025 1838 2075 inquam,

1126 2071 1213 2107 alibi
1240 2073 1343 2119 quarn
1375 2076 1507 2109 Romae
1537 2074 1614 2111 usus
1643 2076 1746 2125 hujus
1773 2091 1839 2114 vo-

1125 2121 1201 2161 cis,
1229 2123 1262 2157 &
1291 2123 1322 2159 is
1350 2124 1458 2159 etiam
1486 2123 1527 2160 ad
1565 2138 1692 2173 paucos
1720 2127 1838 2174 casus,

1125 2172 1371 2220 angustamque
1416 2173 1708 2222 significationem
1754 2191 1840 2214 con-

1125 2222 1285 2259 striffius:
1324 2223 1417 2272 quod
1448 2225 1588 2273 insuper
1616 2235 1734 2275 patere
1761 2229 1838 2266 cui-

1126 2285 1274 2321 cumque
1302 2274 1426 2322 poffit,
1464 2274 1718 2318 confidet-anti,
1746 2280 1835 2328 apud

1125 2330 1182 2359 tot
1209 2323 1401 2373 Scriptores
1431 2328 1564 2362 Romae
1592 2327 1696 2375 ipfius
1719 2329 1836 2366 domi-

1126 2373 1268 2415 nantis,
1308 2389 1348 2411 ac
1391 2376 1516 2412 deinde
1552 2378 1642 2426 apud
1679 2379 1834 2428 reliquos

1124 2424 1276 2461 Latinos
1313 2425 1526 2463 diversarum
1564 2428 1752 2476 gentium,
1795 2444 1833 2466 ac

1123 2474 1406 2524 subsequentium
1443 2479 1673 2524 Seculmum,
1709 2493 1833 2516 occur-

1123 2538 1197 2561 rere
1224 2539 1402 2574 nunquam
1430 2526 1519 2562 illud
1547 2530 1737 2576 Quiritare,
1774 2530 1830 2566 sed

1124 2575 1268 2623 quidem
1295 2578 1464 2622 Clamare,
1491 2578 1690 2628 wamiam,
1727 2581 1835 2616 Incla-

1192 2633 1226 2668 G
1252 2643 1275 2680 g
1300 2643 1324 2681 g
1675 2648 1784 2683 mare⁸
