2169 3047
318 1103 472 1140 Paterino
482 1129 490 1138 .
530 1105 711 1138 Haereticus
729 1129 737 1137 .

379 198 464 238 915

728 179 1100 237 ANTIQUIT.
1141 178 1356 223 MEDII
1391 181 1555 224 AEVI

373 242 413 276 Si
449 239 519 287 quis
551 239 726 283 pastorium
752 241 791 274 de
826 241 947 274 caballo
982 238 1086 273 alieno
1124 240 1159 274 A

373 292 506 336 tulerit,
533 301 691 338 componat
719 291 843 325 Solidos
866 292 940 335 Jex.
968 289 1085 324 Muti-

373 341 495 378 nenses
531 341 681 378 Codices
721 342 842 388 legunt
883 340 1084 384 Pasturium‚

373 393 565 436 Paliurias:
591 406 678 441 quae
707 391 815 427 lePtio
851 391 985 427 indicat
1012 390 1084 425 ori-

373 443 493 492 ginem
516 443 634 479 Italici
655 443 782 485 Pastoia
802 441 839 478 ἃ
860 442 1001 484 Pastoie.
1027 443 1084 476 In—

372 495 488 530 ditum
514 498 596 529 vero
619 492 756 528 fortaffe
776 492 844 528 fuit
868 505 997 528 nomen
1018 496 1082 527 Pa-

365 545 472 589 sturia
493 542 756 590 impedimentis
778 556 946 591 equorum
960 570 970 585 ‚
991 543 1083 590 quod

371 595 452 642 ipsis
488 593 802 641 constringerentur
842 593 879 629 in
918 593 1082 640 pedibus,

371 646 455 682 dum
484 646 525 681 ad
555 646 741 694 pabulum,
769 644 838 680 five
874 644 1002 687 Pastum
1029 644 1081 680 di-

369 697 606 732 mittebantur
633 696 670 731 in
699 696 807 743 pratis
842 705 901 731 aut
930 696 1082 739 campis.

369 749 453 782 Hoc
481 747 647 789 Pasturare
675 756 809 782 veteres
840 746 1082 793 appellarunt,

369 811 475 846 quarn
499 811 620 833 vocem
639 798 764 832 Italica
784 799 817 833 ἃ
836 797 975 832 Gallica
993 797 1082 833 Lin-

370 862 436 897 gua
458 849 631 885 retinent.
657 850 773 885 Locus
794 859 910 884 autern
937 847 995 882 ubi
1018 851 1078 882 Pa-

363 900 485 943 sturiae
512 899 632 948 equis,
661 899 895 948 jumentisque
923 898 1082 945 impone-

373 950 520 990 bantur,
558 951 732 1000 originem
775 951 903 986 dedisse
946 949 1085 984 videtur

371 1002 532 1037 Gallicae
560 1003 639 1038 voci
669 1003 820 1045 Pafluron
850 1000 994 1048 (potius
1019 1004 1082 1035 Pa—

369 1053 508 1101 ruum),
536 1052 574 1089 &
604 1053 778 1101 Anglicae
809 1052 955 1094 Pastem.

783 1103 875 1137 Vide
918 1100 1082 1136 Differ-ta-

370 1152 505 1188 tionem
538 1155 616 1188 Lx.
644 1156 682 1187 de
711 1151 919 1191 Haerelibus.

320 1203 460 1248 Pavese.
486 1204 575 1237 ssuu·
602 1217 715 1247 genus.
743 1203 831 1237 Vide
863 1200 1081 1237 Dissertatio-

371 1266 450 1287 nem
482 1256 612 1288 XXVI.
640 1259 678 1287 de
710 1254 857 1286 Militia.

322 1308 453 1347 Paqzo.
477 1304 623 1340 stultus,
656 1306 808 1336 Demens.
835 1300 955 1334 Sentio
984 1299 1020 1334 ἃ
1050 1313 1083 1334 e-

374 1366 419 1401 go
448 1365 525 1387 cum
557 1353 748 1399 Menagio‚
780 1350 988 1385 vocabulum
1020 1349 1085 1383 hoc

372 1403 581 1438 descendisse
618 1417 634 1438 a
674 1403 803 1445 Patior,
840 1414 909 1435 non
949 1402 1031 1435 vero
1068 1413 1085 1434 a

371 1457 521 1496 Fatuus,
548 1454 599 1488 uti
628 1453 803 1488 Ferrarius
831 1452 1085 1486 arbitrabatur.

371 1504 414 1542 In
445 1518 513 1539 uno
540 1506 676 1539 tantum
707 1503 836 1538 discors
862 1502 933 1536 sum
963 1516 981 1538 a
1007 1504 1068 1536 Me

370 1556 501 1603 nagio,
530 1555 622 1602 quod
662 1555 690 1590 is
729 1554 791 1588 hac
820 1552 957 1588 ratione
994 1553 1081 1588 nati·

369 1605 520 1641 vitarem
549 1606 645 1641 vocis
672 1605 831 1641 instruit:
866 1606 994 1642 Patior,
1024 1607 1082 1637 Pa-

371 1657 465 1692 ti.ius
480 1684 488 1700 ‚
512 1660 662 1702 Pazzus‚
685 1661 813 1700 Pazzo.
842 1654 999 1690 Difficile
1022 1655 1086 1688 hoc

370 1707 436 1744 ille
481 1708 698 1755 persuadeat.
740 1708 878 1754 Opinoi·
915 1720 1005 1754 ego,
1043 1719 1085 1740 ex

370 1759 485 1794 Patior
527 1759 748 1794 efformatum
793 1757 890 1792 fuisse
935 1759 1087 1795 Patiare,

372 1809 427 1844 uti
450 1823 492 1845 ex
515 1813 632 1852 Puteo,
656 1811 807 1846 Ραιίανε,
825 1812 991 1853 Ρυζζανε.
1012 1807 1067 1842 Ad

373 1859 489 1895 ditum
528 1860 597 1896 fuit
634 1863 698 1903 In,
738 1859 932 1908 fignifitans
972 1861 1086 1900 Imus,

372 1908 429 1945 seu
468 1911 504 1946 in
543 1914 652 1946 Mente
679 1911 997 1958 (quemadmodum
1038 1908 1081 1944 fa-

372 1959 471 1996 &um
510 1961 579 1997 fuit
607 1963 643 1998 in
682 1963 813 2003 Instituo
844 1975 905 2003 oro
942 1964 1088 1995 statuere

372 2010 409 2045 in
436 2013 559 2059 meme)
588 2012 624 2047 ἃ
659 2013 766 2048 evasit
805 2013 994 2053 Impatiare.
1026 2024 1082 2056 po-

371 2061 440 2097 stea
471 2064 678 2106 Impazzare,
707 2064 798 2107 quod
829 2062 1022 2099 Lombardi
1051 2075 1086 2095 a·

370 2112 453 2160 junt
490 2115 691 2158 Impazzire‚
719 2112 785 2147 hoc
823 2114 868 2148 est
905 2115 939 2147 in
975 2117 1087 2146 Mente

372 2163 472 2198 Pati.
514 2165 560 2198 Et
598 2163 697 2199 sicuti
738 2176 781 2198 ex
820 2163 951 2196 Putiare
987 2162 1086 2197 venit

372 2215 512 2258 Puzzo,
549 2214 582 2247 &
627 2217 762 2258 puzzu,
799 2212 851 2249 ita
891 2216 1002 2259 Pazzo
1041 2226 1084 2249 ex

374 2266 506 2299 Patiare
532 2262 693 2299 effluxit.

323 2315 478 2355 Pellicino
489 2342 498 2350 .
514 2314 769 2350 Extremitates
784 2312 957 2351 saccorum
973 2344 981 2352 .
998 2328 1086 2361 quae

376 2365 538 2402 manibus
575 2364 682 2410 arripi
721 2365 883 2413 possunt,
916 2365 1085 2410 ejusmodi

374 2429 506 2453 nornen
534 2417 622 2464 apud
652 2417 876 2452 Florentinos
903 2417 1085 2453 obtinent.

375 2469 450 2504 Diu
487 2468 651 2509 insudes.
691 2477 732 2504 ut
771 2467 946 2515 originem
988 2467 1086 2503 vocis

374 2520 566 2559 extrudat.
597 2521 652 2557 At
677 2517 936 2558 Mutinenfium
964 2518 1086 2556 Diale-

1128 1155 1161 1191 C

1140 2058 1166 2091 E

1849 195 1898 231 16

1250 238 1326 275 &us
1362 253 1433 276 rem
1469 242 1623 290 aperiet.
1663 205 1836 280 Dicis-nu?
1861 246 1955 282 enim

1250 290 1420 335 Pedelt'no,
1457 306 1474 328 a
1514 296 1594 327 Pede
1636 294 1805 331 videlicet
1843 296 1957 332 sacco-

1250 354 1326 376 rum
1357 356 1442 378 voce
1468 344 1643 380 desumta.
1679 349 1729 380 lta
1759 347 1958 383 florentini

1250 392 1409 427 Pellicello
1430 396 1607 441 appellant
1624 396 1856 432 vermiculum
1880 411 1959 445 pae-

1250 455 1293 478 ne
1321 443 1556 483 invisibilem,
1585 445 1644 480 sub
1672 457 1750 482 cute
1777 448 1814 483 in
1845 450 1959 495 palma

1250 492 1434 528 hominum
1475 495 1693 537 nascentem,
1731 509 1833 542 quern
1871 512 1961 534 non-

1251 545 1342 578 nulli
1371 544 1435 578 effe
1462 547 1606 578 Acarum
1634 545 1845 581 Latinorum
1875 549 1960 593 (ne-

1252 593 1323 628 scio
1344 607 1386 629 an
1407 593 1525 642 reete)
1549 595 1782 632 arbitrantur.
1810 599 1859 632 [ta
1883 597 1963 633 Me-

1251 644 1374 692 nagius
1406 644 1565 684 censuit,
1593 649 1683 693 quod
1723 647 1816 682 inter
1843 649 1962 682 Pellem

1251 695 1284 729 8<
1302 697 1411 728 Cutem
1432 695 1607 732 nascatur.
1630 697 1726 733 Mihi
1748 697 1865 743 potius
1884 712 1967 734 cor-

1251 754 1393 792 ruptum
1431 747 1585 782 creditur
1621 749 1685 783 hoc
1714 761 1869 793 nomen,
1908 748 1962 785 uti

1251 796 1284 830 &
1314 799 1489 837 alterum,
1526 797 1567 832 de
1594 812 1663 846 quo
1692 811 1800 843 nuper
1827 799 1882 841 egi
1900 827 1909 842 ,
1944 813 1963 835 a

1253 847 1490 883 Florentinis.
1530 850 1620 884 Nam
1657 853 1745 895 apud
1777 849 1965 885 Mutinen-

1253 895 1301 932 ses
1321 925 1330 941 ,
1365 898 1521 945 aliosque
1551 901 1672 935 ltaliae
1703 902 1855 948 Populos
1888 914 1964 936 ver-

1253 948 1386 983 miculo
1428 950 1483 985 illi
1526 963 1653 986 nomen
1694 950 1738 985 est
1781 952 1962 995 Pedicello,

1252 998 1318 1034 hoc
1348 999 1390 1034 est
1419 1000 1675 1036 diminutivum
1709 1002 1831 1037 Latini
1857 1002 1965 1037 dimi-

1252 1049 1370 1085 nutivi
1399 1052 1565 1085 Pediculus
1587 1081 1595 1096 ‚
1624 1053 1798 1086 Pedicellus
1819 1080 1827 1090 ,
1858 1065 1964 1097 quem

1251 1100 1357 1134 etiam
1386 1100 1610 1137 familiariter
1635 1102 1845 1138 Mutinensis
1878 1104 1963 1138 Dia-

1253 1148 1363 1184 lef‘tus
1391 1150 1510 1185 efferre
1540 1150 1626 1185 solet
1656 1165 1714 1197 per
1744 1154 1900 1193 Pialello.

1200 1200 1311 1234 Perla.
1345 1201 1553 1242 Margarita.
1584 1202 1682 1236 Unio.
1719 1202 1809 1237 Heic
1840 1204 1966 1238 Mena-

1251 1250 1353 1296 gius:
1396 1253 1489 1282 Vaene
1525 1251 1724 1288 sicuramente
1758 1253 1814 1285 dal
1846 1255 1963 1287 Latino

1251 1300 1391 1331 Ferula.
1426 1301 1537 1331 lmmo
1566 1299 1647 1332 inde
1679 1312 1739 1341 pro
1768 1311 1864 1335 certo
1893 1315 1963 1337 non

1252 1346 1296 1381 est
1335 1346 1559 1384 deducenda.
1604 1348 1707 1384 Nihil
1750 1350 1844 1386 aliud
1885 1355 1967 1387 Pera

1251 1397 1394 1433 Latinis
1433 1397 1500 1433 fuit
1536 1397 1597 1433 nifi
1640 1401 1802 1436 Italicum
1840 1405 1966 1437 sacco:-

1252 1448 1325 1488 cia‚
1353 1450 1523 1485 sacculus.
1552 1450 1649 1496 Quid
1680 1455 1727 1487 rei
1757 1465 1838 1499 ergo
1867 1456 1965 1487 Perae

1253 1499 1307 1534 seu
1341 1500 1472 1534 Ferulae
1509 1514 1586 1536 cum
1627 1501 1740 1537 noslro
1779 1504 1887 1546 Perle,
1924 1501 1963 1540 &

1253 1564 1330 1586 cum
1365 1551 1571 1585 unionibus?
1609 1554 1700 1602 Ergo
1738 1554 1790 1589 uti
1831 1556 1967 1590 Horto-

1253 1614 1374 1637 manus
1408 1603 1439 1637 &
1474 1602 1610 1639 Voffius
1649 1604 1779 1650 jamdiu
1820 1618 1966 1640 monue-

1253 1664 1333 1688 runt
1353 1681 1360 1695 ,
1390 1655 1483 1687 Perta
1514 1655 1700 1698 Italicum,
1728 1654 1763 1691 ἃ
1796 1655 1966 1703 Hispani-

1253 1717 1354 1744 cum,
1382 1706 1468 1737 Perle
1489 1705 1691 1744 Gallicum,
1716 1707 1746 1741 8<
1772 1707 1866 1740 Pearl
1887 1709 1965 1741 An-

1253 1755 1407 1802 glimm,
1438 1754 1530 1789 suam
1559 1756 1732 1803 originem
1759 1756 1865 1791 alicui
1892 1759 1964 1792 Oc-

1254 1804 1483 1839 cidentalium
1527 1817 1586 1840 aut
1629 1806 1827 1841 Borealium
1873 1807 1963 1843 Lin-

1254 1868 1397 1903 guarum
1427 1855 1576 1904 debentg
1599 1854 1634 1891 &
1667 1858 1716 1891 uti
1747 1856 1812 1892 fert
1841 1856 1965 1894 simili-

1255 1906 1361 1945 tudo,
1398 1907 1650 1949 Germanicae,
1679 1921 1765 1953 quae
1793 1909 1867 1942 Perl
1904 1922 1965 1956 ap-

1255 1958 1363 2004 pellat
1393 1959 1634 2000 Margaritarn.
1665 1961 1697 1993 Si
1731 1960 1874 1993 perulam
1905 1967 1965 1995 aut

1254 2009 1403 2042 Paralum
1431 2009 1621 2055 reperimus
1655 2010 1741 2055 apud
1772 2009 1964 2056 Scriptores

1257 2058 1363 2094 medii
1393 2059 1495 2100 aevi,
1533 2059 1559 2094 ii
1589 2061 1747 2095 credendi
1781 2060 1858 2095 sunt
1888 2062 1967 2096 vul-

1255 2122 1334 2154 gare
1365 2111 1572 2145 vocabulum
1603 2112 1697 2145 Pala
1725 2112 1766 2146 ad
1795 2111 1965 2148 Latinam

1256 2160 1431 2209 Linguam
1463 2161 1691 2196 transtul³ffe.

1205 2210 1346 2253 Peslare.
1375 2215 1539 2253 Tundere,
1576 2215 1790 2247 Connmdere.
1831 2215 1860 2247 A
1896 2213 1963 2248 La-

1256 2261 1335 2297 ἲῖΰο
1366 2263 1480 2306 Pinso‚
1517 2264 1608 2310 quod
1647 2264 1734 2299 olim
1766 2263 1962 2298 adhibitum

1256 2313 1372 2348 eadem
1413 2313 1688 2362 significatione,
1717 2328 1786 2350 vox
1819 2314 1874 2349 ista
1903 2311 1963 2345 de-

1256 2363 1411 2404 scendit,
1440 2378 1509 2400 non
1541 2369 1621 2401 νει-ὸ
1649 2379 1666 2400 a
1696 2370 1774 2404 Pes,
1801 2360 1889 2409 quasi
1921 2360 1961 2396 fit

1254 2415 1386 2459 pedibus
1425 2419 1587 2452 Premere,
1625 2420 1655 2451 A
1694 2413 1787 2448 Pt'nso
1819 2411 1959 2452 Pinum,

1255 2466 1288 2501 &
1327 2466 1409 2502 inde
1445 2467 1625 2507 Pillillum,
1663 2463 1713 2497 uti
1751 2463 1782 2496 8(
1815 2461 1960 2506 Pistam,

1256 2518 1549 2566 quemadmodum
1568 2512 1785 2550 Mutinenses
1808 2519 1962 2566 pronun:

1787 2571 1908 2604 tiant.
