2169 3047
351 1642 448 1676 Bona
464 1665 475 1680 ,

413 195 498 234 7¹9

405 297 462 323 tae
492 287 714 334 antiquitatis
744 287 780 321 s1t
810 287 840 320 8<
873 288 1043 321 Graecum
1073 284 1109 320 ὅ(

405 338 576 375 Latinum
611 341 701 379 Ργκιι
733 335 769 372 ἃ
802 340 933 375 Buxw,
971 336 1107 370 creden-

404 388 487 424 dum
519 401 634 433 potius
672 387 740 427 est,
777 388 808 422 8<
849 387 938 436 ipsos
966 389 1108 420 Germa>

405 452 469 475 nos
499 439 577 474 inde
606 438 772 473 derivasse
802 438 897 472 suum
930 438 1048 471 Buchs.
1082 438 1105 470 l—

404 498 511 536 taque
535 489 654 527 restat.
694 489 966 523 Lombardicum
1002 485 1108 530 Buffb·

405 540 472 582 Ia,
513 549 572 573 aut
609 551 627 572 a
666 539 784 578 Prxis,
821 538 852 571 8<
892 537 1111 571 diminutivo

404 590 527 625 Puxola
556 589 659 632 (narn
691 589 719 621 Y.
749 601 807 631 per
844 590 880 622 U.
919 586 987 621 fere
1025 586 1109 621 sem-

405 651 465 686 per
492 638 665 672 redditum
696 636 792 683 fuit)
822 648 880 672 aut
918 651 936 672 e
972 640 1082 671 Buxus
1101 664 1111 679 ,

407 690 530 723 Buxola
558 688 777 722 efformatum
808 687 932 723 fuiffe.

353 742 521 782 Botarga.
549 743 619 772 Ova
645 738 774 783 ptscium
813 740 929 774 (alita.
967 739 1105 772 Floren-

404 789 475 825 tini
517 792 677 834 Buttagm
719 790 915 833 appellant.
960 788 1112 836 Scaliger

405 839 529 875 Senior
557 849 677 874 contra
706 837 910 874 Cardanum
947 839 1111 884 opinatus

404 890 478 930 est,
520 892 688 925 Graecam
734 903 853 924 vocem
893 889 981 924 hanc
1017 889 1111 928 esse,

405 940 575 976 videlicet
596 946 646 972 12⁸&
664 948 789 983 Ταριχὸι,
810 941 1027 976 Ουα’.ς“α1ἰεα.
1048 940 1111 974 Sed

406 991 487 1038 quei
520 991 550 1025 se
579 990 609 1025 se
638 991 774 1040 ingessit
808 995 844 1026 B.
873 990 909 1026 in
940 991 1027 1025 hanc
1050 1003 1109 1024 vo-

406 1039 506 1076 cem?
537 1041 732 1081 Suspicatus
770 1041 814 1077 est
851 1042 957 1076 etiarn
987 1042 1111 1075 Mena·

405 1092 509 1138 gius,
536 1105 610 1126 eam
642 1092 815 1136 procefisse
842 1104 861 1125 a
889 1092 1108 1130 Boru1,B0-

404 1142 510 1174 tulus.
552 1143 669 1187 [nepte
698 1146 802 1179 lane,
840 1153 946 1186 quum
978 1141 1113 1173 Botulus

403 1188 444 1225 fit
476 1189 668 1224 farcimims
696 1203 801 1237 genus
837 1203 856 1225 e
892 1203 1014 1233 carne,
1055 1189 1111 1224 cui

404 1241 497 1275 mhil
526 1240 574 1275 rei
605 1254 681 1275 cum
716 1244 761 1274 Β
755 1254 882 1286 ›,targa
910 1250 949 1275 ut
977 1250 1110 1288 praete-

403 1303 497 1326 ream
528 1291 634 1325 nimis
661 1291 841 1325 distortum
884 1304 1008 1324 nomen
1027 1315 1037 1329 ‚
1074 1299 1112 1324 ut

403 1339 486 1375 inde
535 1344 676 1385 Botarga
712 1341 939 1374 efformetur.
987 1341 1112 1373 Gollio

403 1389 508 1431 teste,
549 1389 718 1424 Arabicae
756 1391 915 1435 Linguae
953 1387 997 1423 est
1025 1391 1110 1422 Bou-

402 1450 495 1485 tavga
518 1464 528 1479 ,
567 1440 656 1474 idem
696 1438 915 1486 significans:
956 1439 991 1473 Si
1029 1437 1112 1473 haec

403 1502 474 1525 vox
506 1490 680 1524 Arabibus
709 1489 852 1536 antiqua
880 1502 919 1523 ac
957 1488 1111 1536 primiti—

401 1552 445 1574 va
485 1540 551 1578 est,
589 1540 630 1574 ab
668 1539 712 1574 iis
749 1553 812 1574 nos
849 1539 1003 1575 mutuati
1039 1538 1113 1574 fue-

402 1591 510 1624 rimus
528 1616 538 1624 .

516 1654 533 1673 ο
560 1650 676 1685 aperte
713 1640 962 1688 pronuntiato.
1003 1640 1111 1681 lHus‚

399 1691 573 1735 Percufflo.
603 1694 676 1725 Cur
704 1690 791 1726 hanc
820 1704 942 1726 vocem
981 1690 1106 1726 insalu—

399 1750 508 1776 tatam
534 1741 709 1777 dimiserit
731 1742 938 1789 Menagius,
965 1741 1111 1790 ignoro.

399 1790 553 1825 Obscura
582 1790 659 1825 sane
687 1793 849 1828 vocabuli
878 1791 999 1840 origo,
1038 1794 1107 1827 At-

397 1849 517 1875 tamen
562 1843 699 1875 veniam
747 1841 881 1889 posco,
923 1843 944 1876 s1
987 1856 1062 1877 eam
1091 1856 1109 1877 e

397 1892 533 1927 Latmo
591 1894 719 1925 Pultare
766 1891 963 1939 suspicabor
1003 1893 1108 1928 dedu-

398 1941 490 1977 &am
507 1969 515 1977 .
542 1943 673 1976 Pultare
696 1942 798 1985 fores,
828 1944 958 1977 Pultarae
981 1942 1109 1985 ostium,

397 1995 531 2026 Battere
557 1995 590 2026 la
618 2003 706 2034 porta
745 2006 814 2028 non
854 1992 956 2027 semel
990 2006 1111 2028 occur·
1136 2007 1139 2045 Ι

395 2042 445 2077 rit
475 2043 561 2083 apud
593 2044 756 2078 Plautum
797 2056 835 2078 ac
874 2044 1083 2078 Terentium
1104 2070 1112 2079 .

395 2092 667 2139 Quinfhlianus
709 2106 848 2139 quoque
887 2106 948 2128 nos
987 2095 1112 2138 docet,

395 2144 530 2176 Puleare
557 2144 593 2177 in
624 2142 683 2177 usu
722 2142 820 2177 fuiffe
858 2156 920 2189 pro
963 2143 1112 2186 Pulsare.

396 2191 522 2235 Itaque
551 2205 568 2224 e
596 2193 727 2226 Pultare
755 2203 875 2229 natum
906 2193 1044 2234 Pultus‚
1082 2194 1111 2229 i-

397 2241 475 2275 dem
498 2240 692 2286 significans
715 2255 753 2276 ac
781 2243 915 2284 Pullus,
942 2244 1111 2288 Percrffio,

396 2291 504 2326 mus.
533 2293 560 2325 E
589 2292 725 2330 Pultus‚
756 2294 867 2332 Ροίιο,
897 2306 934 2327 ac
972 2296 1110 2328 tandem

396 2341 593 2377 immutato
634 2345 671 2377 P.
711 2341 746 2376 in
778 2345 818 2377 Β.
856 2352 894 2377 ut
932 2343 1028 2389 saepe
1068 2343 1110 2379 fit

397 2394 515 2429 Bolto,
545 2403 650 2438 atque
678 2395 716 2427 L.
742 2393 907 2428 converso
934 2393 969 2427 in
997 2398 1051 2432 T.‚
1075 2408 1109 2429 e—

397 2441 515 2477 vasisse
559 2442 677 2490 potuit
719 2446 837 2487 Bono,
875 2442 957 2477 idest
1002 2445 1109 2485 Itius,

399 2494 550 2539 Percuffio
567 2519 576 2528 .
607 2491 822 2542 Usurpamus
849 2494 960 2531 adhuc
986 2497 1109 2536 Bono,

757 175 1128 233 ANTIQUIT.
1168 173 1378 218 MEDII
1416 176 1579 219 AEVI
1834 193 1920 234 720

404 237 536 279 Bussola
555 234 736 284 exsurgat.
755 238 884 271 Verum
910 248 1014 283 quum
1035 244 1103 269 tan·
1132 236 1181 270 ‘A

1268 248 1373 284 quum
1400 236 1551 273 dicimus
1578 250 1620 270 un
1646 239 1740 272 Bono
1764 236 1849 270 della
1876 240 1971 270 Cam-

1263 298 1376 334 pana,
1409 290 1517 332 sonare
1553 288 1779 331 b,Campana
1815 302 1834 321 a
1863 285 1976 320 Batti.

1268 336 1409 385 Utique
1432 353 1449 374 a
1477 339 1590 372 Pultus
1618 338 1838 373 Femininam
1867 336 1974 371 etiam

1267 389 1554 424 terminationem
1582 389 1744 436 accepit,
1783 401 1820 424 ac
1859 386 1979 429 proin-

1268 438 1310 473 de
1346 439 1528 474 dicimus:
1570 443 1640 474 Dar
1674 440 1756 474 delle
1788 442 1880 473 Bone
1920 449 1980 484 pro

1271 492 1464 533 Verberare,
1501 493 1689 524 Percutere:
1727 493 1797 524 Una
1827 488 1914 522 botta
1944 488 1979 520 di

1269 541 1379 584 Spada
1391 552 1410 580 ‚·
1433 539 1525 584 quod
1551 538 1659 572 etiam
1688 540 1902 586 appellamus
1930 541 1978 572 Ua

1270 589 1367 631 Colpo
1394 589 1429 621 di
1455 591 1565 631 ,spada
1592 601 1610 622 a
1639 588 1819 622 barbarico
1843 589 1978 633 colpus.

1272 638 1369 672 Hinc
1408 638 1665 684 metaphoricae
1702 636 1863 684 phrases:
1901 640 1979 672 An-

1270 690 1331 722 dar
1356 688 1393 722 di
1421 691 1536 728 Bono,
1574 688 1655 724 idest
1684 689 1819 735 Raptim
1838 716 1848 732 ‚
1883 688 1982 722 Subi-

1271 741 1302 772 ιὸ
1331 740 1362 771 in
1390 752 1432 772 un
1458 741 1577 786 Colpe.
1616 739 1778 774 Dicimus
1812 749 1978 786 quoque:

1271 790 1355 832 Ogm'
1383 792 1481 823 Bona
1513 804 1573 824 non
1609 791 1686 823 vuol
1721 790 1878 833 rispolla:
1913 788 1980 823 hoc

1273 838 1344 887 est;
1381 840 1508 873 cuilibet
1543 842 1637 874 verbo
1673 853 1725 874 nos
1758 839 1886 882 ferienti
1922 851 1982 872 non

1273 891 1314 930 est
1340 892 1450 923 danda
1486 889 1658 934 responsio.
1695 889 1754 924 Ad
1792 888 1875 923 haec
1904 889 1982 922 Dire

1275 952 1339 974 una
1365 940 1447 973 bella
1475 942 1596 982 Bona,
1634 952 1758 987 nempe
1792 939 1892 972 dicere
1917 938 1984 974 ali-

1275 991 1353 1036 quid
1389 993 1470 1035 quod
1506 990 1658 1035 ingeniose
1697 990 1882 1037 percutiat,
1926 997 1983 1023 aut

1273 1050 1397 1085 pungat
1420 1041 1571 1075 alterum.
1596 1042 1762 1076 Ceterum
1786 1051 1892 1088 quum
1920 1038 1984 1073 du-

1274 1102 1351 1124 rum
1381 1089 1492 1124 videri
1524 1089 1647 1137 poffit,
1686 1089 1722 1125 in
1758 1103 1841 1125 voce
1867 1089 1984 1123 Pultus

1274 1142 1313 1173 L.
1342 1139 1528 1183 excidere,
1566 1139 1621 1174 seu
1652 1140 1781 1175 mutari
1811 1140 1847 1174 in
1876 1142 1915 1173 T.
1946 1151 1982 1172 e-

1275 1190 1415 1236 xempla
1436 1189 1573 1237 accipe.
1595 1188 1844 1225 Verifimiliter
1864 1202 1882 1224 e
1904 1189 1983 1221 Pul-

1269 1240 1341 1284 sare
1356 1238 1531 1274 descendit
1543 1240 1708 1274 Italicum
1723 1238 1872 1284 Buffare.
1890 1239 1985 1273 Nea-

1276 1288 1427 1335 politani
1465 1302 1604 1334 quoque
1641 1302 1703 1335 pro
1741 1291 1834 1322 Volta
1860 1288 1984 1323 dicunt

1275 1341 1375 1370 Otta:
1394 1337 1487 1383 quod
1509 1338 1708 1385 exemplum
1730 1338 1768 1372 in
1791 1350 1862 1373 rem
1887 1350 1983 1385 prae-

1276 1385 1406 1421 sentem
1437 1386 1591 1423 sufficere
1628 1387 1761 1435 potest.
1797 1387 1874 1423 Cur
1903 1390 1985 1423 verb

1277 1436 1483 1472 florentina
1521 1438 1701 1474 Dialeaus
1733 1438 1886 1482 Rusonem
1925 1451 1986 1486 ap-

1278 1488 1385 1536 pellet
1427 1491 1552 1533 Bona,
1595 1489 1752 1525 nondum
1797 1488 1984 1537 quisquam

1277 1538 1430 1594 reperit.
1485 1541 1559 1574 Nos
1599 1540 1702 1585 Rospo
1743 1541 1984 1588 appellamuS,

1278 1588 1375 1635 cujus
1412 1588 1518 1625 etiam
1556 1590 1666 1625 adhuc
1703 1589 1826 1638 ignota
1855 1590 1983 1640 origo,

1277 1649 1382 1686 atque
1407 1639 1444 1675 in
1469 1653 1544 1676 eam
1572 1640 1690 1677 frustra
1715 1642 1901 1691 Menagius
1928 1641 1984 1677 in-

1277 1689 1450 1736 quifivit.

1226 1743 1341 1779 Bone,
1369 1754 1386 1773 ο
1414 1741 1518 1788 presse
1547 1743 1793 1793 pronuntiato.
1831 1741 1982 1777 Delium.

1276 1789 1443 1838 Cujacius
1480 1794 1514 1826 &
1551 1791 1740 1839 Menagius
1776 1805 1816 1827 ex
1848 1794 1982 1827 Graeco

1278 1847 1380 1876 Βοῦττιε
1427 1842 1586 1876 Italicam
1635 1854 1758 1877 vocem
1807 1841 1951 1877 trahunt
1973 1869 1983 1886 ‚

1262 1891 1446 1927 'Gloffaria
1479 1894 1632 1927 Graeco·
1651 1893 1781 1928 Latina
1819 1892 1981 1940 sequuti.

1276 1941 1337 1976 Sed
1362 1941 1508 1977 minime
1529 1943 1874 1987 animadverterunt,
1891 1957 1908 1977 a
1930 1956 1982 1978 re-

1275 1992 1491 2027 centioribus
1518 1992 1660 2027 Graecis
1698 1994 1810 2028 multa
1838 1993 1983 2028 Italico-

1274 2055 1350 2077 rum
1379 2043 1548 2077 vocabula
1577 2041 1674 2078 fuisse
1702 2043 1892 2092 adoptata,
1928 2043 1982 2078 in-

1275 2101 1328 2127 ter
1343 2106 1430 2139 quae
1451 2092 1494 2128 est
1512 2094 1618 2128 etiam
1643 2093 1885 2129 recensendum
1906 2096 1982 2128 Bot-

1273 2153 1322 2178 te.
1352 2145 1448 2178 Haec
1468 2157 1551 2192 ergo
1575 2157 1643 2179 vox
1665 2155 1724 2180 aut
1745 2144 1882 2192 antiqui
1910 2145 1978 2186 La-

1272 2193 1340 2228 tini
1374 2193 1496 2241 Populi
1529 2193 1623 2237 fuit,
1653 2205 1713 2231 aut
1743 2209 1760 2230 a
1788 2194 1915 2231 Gothis
1941 2193 1975 2226 &

1271 2244 1608 2291 Septentrionalibus
1641 2245 1679 2280 ad
1719 2259 1781 2281 nos
1809 2242 1946 2281 advee‘ca
1965 2268 1975 2278 .

1269 2294 1454 2330 Germanis
1483 2299 1575 2329 Botte
1603 2297 1636 2331 δ(
1667 2299 1765 2331 Butte
1794 2294 1902 2329 adhuc
1933 2291 1975 2327 fi-

1269 2344 1414 2392 gnificat
1443 2347 1614 2386 Mallello,
1643 2345 1806 2383 Tinaccio
1834 2346 1976 2382 Benta,

1268 2396 1445 2442 Bigoncia.
1470 2397 1597 2445 Anglis
1617 2412 1636 2431 a
1651 2399 1731 2430 Butt
1748 2393 1791 2428 est
1815 2393 1975 2435 Delium,-

1268 2443 1306 2480 &
1348 2446 1518 2481 Hickefio
1559 2445 1637 2480 teste
1677 2441 1835 2479 Cimbris
1874 2446 1976 2490 Bytm

1267 2495 1362 2532 idem
1391 2495 1582 2543 fignificat.
1618 2495 1659 2528 In
1691 2494 1821 2530 Lharta
1855 2497 1976 2542 plena-

1580 2558 1585 2563 ·
1840 2544 1916 2582 riae
