2169 3047
392 184 475 225 793

385 232 449 265 Sed
480 226 616 263 somnio
637 228 833 270 proximam
858 229 1093 273 conjetff'mram

384 278 474 314 hanc
516 278 692 326 judicavi.
741 280 880 315 Habent
917 279 955 316 &
996 281 1094 315 Galli

383 332 523 373 Pange,
561 332 652 377 quod
684 331 880 366 Fureterius
908 344 949 366 ex
979 332 1092 366 Celti-

383 393 427 417 co
457 383 568 428 Fancg
594 382 764 416 emanasse
806 384 946 417 cenlet.
986 382 1019 417 Si
1059 381 1093 416 id

383 444 540 473 verum,
584 432 663 467 inde
708 446 827 468 vocem
872 433 1092 479 accepimus.

384 482 606 519 Mutinenses
635 493 768 528 praeter
790 486 922 529 Fungo,
950 484 983 517 8<
1007 486 1091 517 Pan-

383 543 460 568 tano
496 533 589 568 idem
633 532 854 581 significans,
892 533 1022 568 habent
1058 546 1088 567 e—

383 583 471 619 tiam
518 586 650 626 [κζ’ῑα,
693 587 821 628 Begra,
864 584 897 617 δὲ
939 584 1092 628 Zapello‚

384 632 536 668 diversas
565 632 721 668 Caeni&
745 635 821 667 Luci
849 632 996 681 species.
1027 635 1088 668 Po-

383 683 545 719 stremum
568 683 684 718 nescio
706 696 787 718 num
811 685 947 719 venerit
967 698 985 719 e
1006 686 1090 719 Ger—

382 735 525 769 manico
571 735 716 780 Zappeln
744 761 754 777 ,
807 747 848 768 an
894 748 913 770 e
957 736 1092 770 Graeco

389 788 520 831 Πηλός
557 792 772 840 significante
810 796 953 838 Lutum,
1000 793 1090 842 quasi

380 865 424 887 ex
476 844 543 886 διαὶ
588 844 731 898 πηλόν,
774 851 828 888 seu
876 845 944 888 διαὶ
989 847 1093 892 πηλὲ

380 902 604 937 efformatum
633 902 740 938 fuerit
766 906 920 950 Zapetto,
949 903 1002 938 uti
1024 905 1085 937 Za—

381 951 471 986 holm
499 965 517 987 e
547 953 701 988 Diabolus
726 954 813 989 olim
841 952 975 989 dietum
1001 952 1091 994 fuit,

382 1004 414 1037 ἃ
445 1004 586 1037 Zaconus
614 1017 676 1052 pro
706 1005 887 1041 Diaconus.

331 1055 457 1088 fante.
490 1054 662 1089 Famulw.
692 1057 828 1090 servus.
857 1054 991 1103 Effugit
1020 1067 1089 1089 vox

381 1103 441 1139 ista
471 1103 698 1150 Menagium.
727 1105 924 1139 Contendit
951 1104 1088 1139 Hicke-

380 1152 468 1191 fius.
497 1166 514 1187 e
543 1154 711 1188 Scandico
740 1156 867 1188 Fantur
894 1153 1086 1202 significan-

380 1211 417 1237 te
458 1204 650 1242 Famulum,
689 1204 888 1246 satellitem,
924 1204 1089 1240 emerfiffe

379 1253 470 1288 hanc
501 1266 643 1287 vocem.
672 1257 794 1288 Famer
821 1254 942 1290 iisdem
977 1258 1087 1302 Popu-

378 1303 425 1338 lis
453 1303 672 1347 appellantur
709 1305 862 1340 Famuli,
901 1307 1088 1339 satellites.

376 1353 437 1388 Ad
468 1352 598 1397 pedites
629 1350 663 1384 in
692 1349 824 1383 militia
847 1362 978 1384 nomen
1007 1350 1087 1387 inde

374 1403 606 1438 translatum.
634 1400 706 1434 ¹Sed
736 1413 753 1435 a
783 1401 916 1436 Latino
954 1401 1086 1445 Infans,

374 1451 475 1485 varie
512 1451 554 1485 ab
595 1450 751 1496 antiquis
792 1450 976 1496 usurpato,
1016 1465 1085 1487 vox

375 1501 436 1539 ista
466 1499 613 1539 fortaffis
639 1499 683 1534 est
703 1501 914 1538 arcessenda.
945 1504 997 1539 Ita
1019 1505 1079 1538 Fa-

375 1553 456 1586 muli
497 1552 538 1587 ab
579 1553 736 1598 antiquis
778 1553 944 1599 appellati
993 1553 1085 1589 fuere

374 1603 487 1636 Puer-i.
517 1605 596 1637 Mon
617 1602 727 1645 ensant
752 1603 864 1639 adhuc
884 1603 929 1639 est
950 1605 1084 1640 Gallis.

320 1653 498 1696 farfalla.
528 1654 674 1697 Papilio.
704 1654 850 1691 Erudite
878 1655 919 1690 de
946 1657 1084 1705 origine

371 1703 474 1752 hujus
513 1705 612 1740 vocis
656 1706 766 1741 multa
808 1707 918 1742 adfert
957 1709 1084 1744 Mena-

369 1764 448 1812 gius
466 1779 483 1803 ‚*
514 1778 587 1800 eam
618 1779 635 1801 a
663 1768 799 1803 Graeco
834 1758 994 1806 Φάλλη
1025 1768 1081 1803 de-

371 1815 519 1850 ducens.
557 1818 729 1851 Attamen
766 1817 865 1856 sunt,
903 1831 990 1866 quae
1028 1832 1083 1854 me

370 1864 545 1900 deterrent
573 1867 615 1901 ab
643 1866 716 1917 ejus
744 1867 915 1905 sententia
950 1872 1076 1916 ample·

369 1913 525 1951 fienda.
565 1918 638 1952 Cur
674 1918 767 1954 enim
813 1918 971 1955 additum
1015 1923 1083 1957 Far

369 1966 452 2001 voci
506 1968 608 2004 Falla
637 1971 657 2002 ?
717 1969 853 2005 Deinde
907 1971 1079 2006 Graecum

376 2015 567 2066 Φάλλη,
610 2040 678 2063 non
717 2029 914 2076 papilionem
951 2029 1063 2079 signifi

368 2087 449 2113 cat,
478 2073 530 2109 sed
561 2075 777 2120 Cicindelam',
806 2092 909 2126 quam
938 2081 1081 2117 Lusciola

314 2128 317 2129 ⁷
369 2138 434 2161 nos
464 2127 705 2175 appellamus.
744 2129 927 2177 Ejusmodi
955 2130 1074 2166 Cicin-

368 2185 468 2223 delae
497 2199 516 2222 a
547 2187 772 2227 Lizoohrone
801 2187 966 2224 dicuntur
989 2180 1077 2225 Φοί-

369 2243 475 2291 hoa,
521 2240 556 2279 8(
604 2241 813 2284 Φοῖλοωυαι
844 2262 862 2285 a
900 2248 1077 2285 Nicandro

367 2303 404 2340 in
437 2306 642 2347 Wheriacis,
675 2321 797 2352 nempe
825 2309 916 2355 quod
963 2301 1046 2345 Φῶς
1065 2334 1078 2356 ,

367 2354 452 2392 idest
493 2362 630 2397 Lucem.
668 2358 779 2396 secum
819 2359 930 2395 ferant
947 2385 956 2394 .
997 2362 1076 2395 Non

367 2417 450 2454 ergo
495 2410 566 2444 veri
611 2411 751 2445 vide¹ur
791 2408 927 2451 simile,
965 2409 1075 2446 tribu-

369 2469 446 2496 tum
476 2468 574 2503 fuisse
605 2461 772 2516 Φαλῆς,
804 2468 871 2504 five
896 2470 1077 2505 Cicindelae

368 2524 498 2551 nomen
539 2519 702 2563 Papilumi
723 2546 734 2564 ‚
758 2519 907 2557 dustein
948 2519 1077 2569 speciei

1139 232 1167 265 A

1142 682 1167 715 Β

670 168 1099 228 ANTIQUJT.
1148 167 1394 213 MEDII
1436 170 1629 214 AEVI
1816 182 1901 232 796

1254 228 1428 266 diversae.
1467 232 1519 266 At
1547 231 1636 267 unde
1672 232 1853 275 farfalla?
1893 237 1956 271 Ρο-

1254 278 1324 316 tius
1361 283 1403 316 ab
1439 281 1515 331 ipso
1552 282 1763 319 Latinorum
1807 287 1959 331 Papilio,

1253 332 1342 375 apud
1385 345 1447 368 nos
1498 334 1718 370 Lombardos
1771 347 1960 384 corrupto.

1255 382 1435 418 Nimirum
1464 385 1565 420 nobis
1594 386 1720 432 Papilio
1755 386 1800 421 est
1837 390 1962 435 Parpa-

1251 433 1320 476 lia,
1362 434 1524 480 Parpaia.
1563 435 1669 472 Tusci
1708 449 1769 481 pro
1805 439 1961 482 Parpalia

1252 482 1376 519 dixifl‘e
1404 484 1570 520 videntur
1597 486 1777 527 Farsalia:
1813 501 1891 524 nam
1923 493 1959 524 P,

1253 532 1356 568 facile
1394 543 1550 568 mutatui·
1585 535 1622 569 in
1652 538 1693 570 F.
1722 548 1760 571 ut
1796 551 1839 573 ex
1880 540 1960 574 aliia

1253 583 1399 618 vocibus
1427 583 1582 619 constat.
1621 584 1761 630 Insuper
1789 586 1847 633 ipfi
1877 590 1962 624 reti-

1253 643 1337 667 nent
1367 635 1597 680 Parpaglione‚
1634 635 1727 670 idem
1767 636 1961 684 fignificans

1252 692 1358 730 atque
1385 684 1557 728 Farsalia,
1595 684 1660 721 hoc
1696 686 1742 721 est
1777 690 1959 733 Parpalia,

1253 732 1308 769 seu
1347 735 1491 777 Parpaia
1531 737 1826 773 Lombsrdicum:
1867 740 1960 786 quod

1253 785 1449 830 Papilsonem
1476 786 1644 821 Latinum
1677 789 1816 837 propius
1837 789 1961 827 refert.

1199 834 1358 885 ‘Fastellm
1388 835 1587 876 Fasciculus.
1629 838 1734 873 Reae
1770 853 1789 874 a
1826 841 1960 877 Latino

1253 885 1362 928 Fascis
1404 899 1525 921 vocem
1564 888 1710 923 deduxit
1752 890 1961 938 Menagius‚

1252 945 1288 970 at
1316 949 1385 971 non
1413 950 1452 972 ea
1480 938 1710 985 gradatione.
1748 952 1851 987 quam
1889 940 1961 985 ipse

1252 986 1496 1034 excogitavit,
1534 988 1616 1024 idest
1653 990 1854 1030 Fasciculus,
1891 995 1961 1026 Fa-

1246 1037 1382 1080 scellus,
1414 1038 1597 1079 Fallellus.
1635 1041 1720 1075 Alia
1746 1041 1882 1077 ratione
1910 1042 1961 1077 ef-

1252 1085 1400 1121 formata
1439 1101 1508 1123 vox
1546 1088 1635 1129 fuit,
1673 1091 1739 1126 hoc
1775 1091 1819 1126 est
1846 1106 1864 1126 e
1892 1096 1963 1127 Fa-

1134 1133 1166 1167 C
1245 1136 1308 1180 scio
1321 1161 1332 1176 ,
1370 1139 1402 1172 F
1403 1138 1513 1178 ascetto
1525 1165 1533 1177 ,
1572 1142 1604 1172 F
1605 1140 1744 1182 ascetetlo
1755 1167 1764 1182 ‚
1802 1145 1834 1176 F
1835 1143 1940 1184 aste-tto
1951 1169 1960 1179 .

1200 1189 1339 1233 Fegato.
1358 1190 1485 1231 Jecur,
1514 1191 1645 1234 Hepar.
1678 1189 1855 1237 Nusquam
1885 1205 1960 1228 ma-

1251 1237 1304 1284 jor
1340 1239 1443 1284 quam
1482 1237 1560 1273 heic
1597 1241 1830 1276 controverfia
1866 1243 1959 1279 inter

1252 1288 1420 1321 Eruditos
1457 1287 1498 1320 de
1534 1288 1674 1334 origine
1702 1291 1799 1325 vocis
1836 1292 1960 1339 hujus.

1252 1335 1415 1380 Plerique
1442 1347 1484 1369 eo
1513 1334 1696 1382 feruntur,
1724 1349 1763 1374 ut
1792 1341 1957 1383 credant,

1248 1396 1266 1418 a
1297 1385 1385 1418 Ficis
1413 1385 1562 1420 Ficatum
1590 1386 1688 1423 fuiffe
1716 1391 1929 1437 appellatum
1947 1420 1958 1438 ,

1247 1435 1341 1481 quod
1371 1434 1443 1471 sues
1470 1450 1488 1471 a
1520 1439 1642 1474 Marco
1667 1441 1800 1487 Apicio
1832 1444 1960 1479 Roma-

1248 1496 1372 1521 norum
1416 1486 1639 1524 famosiffimo
1677 1491 1841 1527 helluone
1869 1494 1959 1528 ficis

1246 1536 1399 1578 nutriti,
1418 1541 1519 1579 Jecur
1545 1541 1666 1576 darent
1693 1541 1876 1587 gratiffimi
1907 1543 1959 1580 sa-

1248 1585 1341 1633 poris
1370 1586 1616 1633 quaerentibus
1650 1588 1690 1624 -in
1723 1596 1839 1627 menia
1866 1593 1956 1630 deli-

1246 1634 1337 1672 cias.
1380 1637 1557 1686 Laguna,
1598 1640 1840 1687 covaruvias,
1884 1645 1959 1680 Sal-

1246 1686 1395 1732 masius,
1429 1690 1638 1726 Vincentius
1669 1692 1835 1737 Tanna,
1873 1696 1956 1730 Fer-

1245 1737 1391 1779 rarius,
1436 1738 1570 1786 aliique
1611 1754 1681 1776 non
1729 1743 1828 1790 pauci
1873 1744 1956 1781 haec

1246 1798 1415 1825 narrant.
1464 1791 1539 1839 Ego
1586 1792 1741 1836 putidam
1790 1792 1955 1831 fabellam

1248 1838 1353 1888 puto.
1385 1841 1507 1887 Neque
1535 1841 1626 1876 enim
1661 1843 1834 1884 Romani.
1865 1846 1955 1892 apud

1245 1903 1332 1938 quos
1371 1890 1492 1927 floruit
1530 1892 1702 1937 Apicius,
1740 1894 1826 1930 hanc
1863 1897 1956 1938 Jeci-

1246 1941 1341 1979 noris
1384 1942 1674 1991 metamorphosin
1700 1971 1710 1989 ,
1754 1959 1955 1993 novumque

1244 2004 1374 2029 nomen
1413 2006 1561 2030 novere:
1601 2007 1714 2040 neque
1752 1996 1853 2032 unius
1890 1997 1955 2033 ho-

1245 2043 1354 2080 minis
1391 2043 1507 2080 culina
1545 2046 1691 2092 Populos
1729 2045 1883 2094 integros
1911 2047 1953 2084 ad

1244 2093 1504 2131 immutandum
1544 2098 1692 2138 Hepatis
1730 2111 1857 2134 nomen
1894 2099 1954 2135 ad-

1244 2145 1368 2180 ducere
1395 2147 1531 2192 potuit.
1569 2149 1674 2194 Quod
1712 2147 1733 2183 fi
1774 2148 1951 2185 Salmasius

1245 2195 1365 2232 ametor
1392 2196 1435 2233 est
1452 2221 1461 2236 ‚
1491 2196 1527 2235 in
1550 2199 1778 2236 recentiorem
1801 2202 1950 2236 Graeco-

1244 2269 1318 2294 rum
1349 2256 1531 2295 Gloffariis
1559 2251 1753 2296 ‘Hrra‘wov
1797 2258 1947 2305 appella-

1243 2316 1273 2352 ri
1294 2309 1465 2353 Συκωτόν
1477 2341 1488 2359 ,
1512 2317 1547 2353 id
1565 2317 1693 2354 facium
1708 2346 1717 2362 ,
1733 2316 1823 2369 quod
1839 2317 1948 2351 Grae-

1243 2367 1275 2402 ci
1316 2366 1413 2402 ltalis
1450 2368 1609 2405 immixti
1647 2369 1682 2403 in
1721 2365 1869 2410 Sicilia,
1906 2379 1945 2401 ac

1242 2417 1350 2455 alibi.
1380 2417 1543 2455 Italicum
1575 2416 1778 2454 vocabulum
1802 2418 1943 2459 Frgato,

1242 2468 1296 2503 seu
1326 2470 1540 2504 Venetorum
1576 2465 1703 2509 Ft'ga't’,
1740 2472 1799 2498 aut
1834 2465 1942 2501 etiam

1239 2518 1471 2566 hispanicum
1498 2516 1633 2561 Higa'o‚
1669 2514 1800 2550 Graece
1827 2514 1944 2551 reddi—

1811 2564 1890 2602 dere
