<?xml version="1.0" encoding="UTF-8"?>
<!DOCTYPE html PUBLIC "-//W3C//DTD XHTML 1.0 Transitional//EN"
    "http://www.w3.org/TR/xhtml1/DTD/xhtml1-transitional.dtd">
<html xmlns="http://www.w3.org/1999/xhtml" xml:lang="en" lang="en">
 <head>
  <title>
</title>
<meta http-equiv="Content-Type" content="text/html;charset=utf-8" />
  <meta name='ocr-system' content='tesseract 3.04.00' />
  <meta name='ocr-capabilities' content='ocr_page ocr_carea ocr_par ocr_line ocrx_word'/>
</head>
<body>
  <div class='ocr_page' id='page_1' title='image "antiquitatesital06mura_0466.png"; bbox 0 0 2169 3047; ppageno 0'>
   <div class='ocr_carea' id='block_1_1' title="bbox 289 187 1057 2406">
    <p class='ocr_par' dir='ltr' id='par_1_1' title="bbox 289 187 1057 2406">
     <span class='ocr_line' id='line_1_1' title="bbox 341 187 1057 246; baseline -0.006 -14"><span class='ocrx_word' id='word_1_1' title='bbox 341 205 427 244; x_wconf 83' lang='lat'>923</span> <span class='ocrx_word' id='word_1_2' title='bbox 689 190 729 231; x_wconf 80' lang='lat' dir='ltr'><em>A</em></span> <span class='ocrx_word' id='word_1_3' title='bbox 743 188 784 231; x_wconf 89' lang='lat' dir='ltr'><em>N</em></span> <span class='ocrx_word' id='word_1_4' title='bbox 794 188 858 230; x_wconf 71' lang='grc' dir='ltr'><em>Τῖ</em></span> <span class='ocrx_word' id='word_1_5' title='bbox 872 187 1000 246; x_wconf 60' lang='lat' dir='ltr'>QUI</span> <span class='ocrx_word' id='word_1_6' title='bbox 1010 187 1057 232; x_wconf 95' lang='lat' dir='ltr'><em>T</em></span> 
     </span>
     <span class='ocr_line' id='line_1_2' title="bbox 336 246 1044 285; baseline 0 -3"><span class='ocrx_word' id='word_1_7' title='bbox 336 263 402 282; x_wconf 71' lang='lat' dir='ltr'>carc</span> <span class='ocrx_word' id='word_1_8' title='bbox 430 246 599 283; x_wconf 84' lang='lat' dir='ltr'>Germani</span> <span class='ocrx_word' id='word_1_9' title='bbox 627 246 750 284; x_wconf 88' lang='lat' dir='ltr'>dicunt</span> <span class='ocrx_word' id='word_1_10' title='bbox 781 249 917 285; x_wconf 69' lang='lat' dir='ltr'>Picken.</span> <span class='ocrx_word' id='word_1_11' title='bbox 957 249 1044 282; x_wconf 91' lang='lat' dir='ltr'>Om-</span> 
     </span>
     <span class='ocr_line' id='line_1_3' title="bbox 335 298 1044 335; baseline -0.003 -2"><span class='ocrx_word' id='word_1_12' title='bbox 335 311 416 334; x_wconf 85' lang='lat' dir='ltr'>nem</span> <span class='ocrx_word' id='word_1_13' title='bbox 446 302 529 334; x_wconf 76' lang='grc' dir='ltr'>νέτὸ</span> <span class='ocrx_word' id='word_1_14' title='bbox 555 298 815 335; x_wconf 74' lang='lat' dir='ltr'>dubitationem</span> <span class='ocrx_word' id='word_1_15' title='bbox 840 298 951 334; x_wconf 79' lang='lat' dir='ltr'>aufert</span> <span class='ocrx_word' id='word_1_16' title='bbox 976 311 1044 332; x_wconf 83' lang='lat' dir='ltr'>vox</span> 
     </span>
     <span class='ocr_line' id='line_1_4' title="bbox 335 349 1045 398; baseline -0.003 -12"><span class='ocrx_word' id='word_1_17' title='bbox 335 351 541 397; x_wconf 67' lang='grc' dir='ltr'>Βεζζὶσανε,</span> <span class='ocrx_word' id='word_1_18' title='bbox 588 363 675 398; x_wconf 87' lang='lat' dir='ltr'>quae</span> <span class='ocrx_word' id='word_1_19' title='bbox 715 350 836 385; x_wconf 88' lang='lat' dir='ltr'>eodem</span> <span class='ocrx_word' id='word_1_20' title='bbox 875 349 969 385; x_wconf 86' lang='lat' dir='ltr'>sensu</span> <span class='ocrx_word' id='word_1_21' title='bbox 1007 362 1045 384; x_wconf 88' lang='lat' dir='ltr'>ac</span> 
     </span>
     <span class='ocr_line' id='line_1_5' title="bbox 335 400 1045 443; baseline -0.004 -6"><span class='ocrx_word' id='word_1_22' title='bbox 335 401 496 437; x_wconf 79' lang='lat' dir='ltr'>Beccicare</span> <span class='ocrx_word' id='word_1_23' title='bbox 523 402 565 436; x_wconf 85' lang='lat' dir='ltr'>ab</span> <span class='ocrx_word' id='word_1_24' title='bbox 596 401 695 436; x_wconf 71' lang='lat' dir='ltr'>Italis</span> <span class='ocrx_word' id='word_1_25' title='bbox 725 401 882 436; x_wconf 62' lang='lat' dir='ltr'>adhibita</span> <span class='ocrx_word' id='word_1_26' title='bbox 912 400 978 443; x_wconf 86' lang='lat' dir='ltr'>est,</span> <span class='ocrx_word' id='word_1_27' title='bbox 1007 410 1045 434; x_wconf 92' lang='lat' dir='ltr'>ut</span> 
     </span>
     <span class='ocr_line' id='line_1_6' title="bbox 337 451 1045 488; baseline -0.001 -1"><span class='ocrx_word' id='word_1_28' title='bbox 337 453 450 488; x_wconf 90' lang='lat' dir='ltr'>multa</span> <span class='ocrx_word' id='word_1_29' title='bbox 497 452 725 487; x_wconf 86' lang='lat' dir='ltr'>Vocabularii</span> <span class='ocrx_word' id='word_1_30' title='bbox 772 451 971 487; x_wconf 72' lang='lat' dir='ltr'>florentini</span> <span class='ocrx_word' id='word_1_31' title='bbox 1011 464 1045 486; x_wconf 89' lang='lat' dir='ltr'>e-</span> 
     </span>
     <span class='ocr_line' id='line_1_7' title="bbox 336 501 1040 549; baseline -0.004 -10"><span class='ocrx_word' id='word_1_32' title='bbox 336 504 479 549; x_wconf 77' lang='lat' dir='ltr'>xempla</span> <span class='ocrx_word' id='word_1_33' title='bbox 508 503 678 546; x_wconf 83' lang='lat' dir='ltr'>produnt.</span> <span class='ocrx_word' id='word_1_34' title='bbox 708 505 829 549; x_wconf 87' lang='lat' dir='ltr'>Atque</span> <span class='ocrx_word' id='word_1_35' title='bbox 858 501 940 536; x_wconf 86' lang='lat' dir='ltr'>hinc</span> <span class='ocrx_word' id='word_1_36' title='bbox 967 515 1040 549; x_wconf 85' lang='lat' dir='ltr'>pro·</span> 
     </span>
     <span class='ocr_line' id='line_1_8' title="bbox 338 553 1046 599; baseline -0.004 -10"><span class='ocrx_word' id='word_1_37' title='bbox 338 553 408 589; x_wconf 89' lang='lat' dir='ltr'>diit</span> <span class='ocrx_word' id='word_1_38' title='bbox 437 553 587 598; x_wconf 59' lang='grc' dir='ltr'>Ριζζίεο,</span> <span class='ocrx_word' id='word_1_39' title='bbox 625 553 824 597; x_wconf 55' lang='grc' dir='ltr'>Ρεζζίεοτιο,</span> <span class='ocrx_word' id='word_1_40' title='bbox 864 564 932 599; x_wconf 86' lang='lat' dir='ltr'>qua</span> <span class='ocrx_word' id='word_1_41' title='bbox 962 564 1046 586; x_wconf 80' lang='lat' dir='ltr'>voce</span> 
     </span>
     <span class='ocr_line' id='line_1_9' title="bbox 338 602 1044 650; baseline -0.004 -11"><span class='ocrx_word' id='word_1_42' title='bbox 338 603 498 647; x_wconf 86' lang='lat' dir='ltr'>utimur,</span> <span class='ocrx_word' id='word_1_43' title='bbox 526 616 633 650; x_wconf 88' lang='lat' dir='ltr'>quum</span> <span class='ocrx_word' id='word_1_44' title='bbox 663 602 805 638; x_wconf 87' lang='lat' dir='ltr'>summis</span> <span class='ocrx_word' id='word_1_45' title='bbox 834 602 958 650; x_wconf 85' lang='lat' dir='ltr'>digitis</span> <span class='ocrx_word' id='word_1_46' title='bbox 986 615 1044 637; x_wconf 89' lang='lat' dir='ltr'>au—</span> 
     </span>
     <span class='ocr_line' id='line_1_10' title="bbox 337 652 1044 700; baseline -0.001 -12"><span class='ocrx_word' id='word_1_47' title='bbox 337 653 481 689; x_wconf 82' lang='lat' dir='ltr'><strong>ferimus</strong></span> <span class='ocrx_word' id='word_1_48' title='bbox 515 667 533 689; x_wconf 92' lang='lat' dir='ltr'>e</span> <span class='ocrx_word' id='word_1_49' title='bbox 571 653 674 688; x_wconf 74' lang='lat' dir='ltr'>massa</span> <span class='ocrx_word' id='word_1_50' title='bbox 711 654 829 700; x_wconf 85' lang='lat' dir='ltr'>aliqua</span> <span class='ocrx_word' id='word_1_51' title='bbox 867 652 1044 688; x_wconf 86' lang='lat' dir='ltr'>modicum</span> 
     </span>
     <span class='ocr_line' id='line_1_11' title="bbox 337 702 1046 751; baseline -0.001 -12"><span class='ocrx_word' id='word_1_52' title='bbox 337 704 491 742; x_wconf 85' lang='lat' dir='ltr'>farinae,</span> <span class='ocrx_word' id='word_1_53' title='bbox 514 704 631 747; x_wconf 81' lang='lat' dir='ltr'>milii,</span> <span class='ocrx_word' id='word_1_54' title='bbox 653 716 836 751; x_wconf 79' lang='lat' dir='ltr'>rerumque</span> <span class='ocrx_word' id='word_1_55' title='bbox 856 702 1022 738; x_wconf 69' lang='lat' dir='ltr'>similium</span> <span class='ocrx_word' id='word_1_56' title='bbox 1038 731 1046 745; x_wconf 83' lang='grc'>,</span> 
     </span>
     <span class='ocr_line' id='line_1_12' title="bbox 337 753 1044 799; baseline -0.001 -9"><span class='ocrx_word' id='word_1_57' title='bbox 337 755 380 790; x_wconf 92' lang='lat' dir='ltr'>ad</span> <span class='ocrx_word' id='word_1_58' title='bbox 408 753 510 789; x_wconf 81' lang='lat' dir='ltr'>instar</span> <span class='ocrx_word' id='word_1_59' title='bbox 537 754 720 789; x_wconf 86' lang='lat' dir='ltr'>volucrum</span> <span class='ocrx_word' id='word_1_60' title='bbox 749 754 967 799; x_wconf 78' lang='lat' dir='ltr'>captantium</span> <span class='ocrx_word' id='word_1_61' title='bbox 990 767 1044 789; x_wconf 81' lang='lat' dir='ltr'>ro-</span> 
     </span>
     <span class='ocr_line' id='line_1_13' title="bbox 337 804 1046 851; baseline -0.001 -11"><span class='ocrx_word' id='word_1_62' title='bbox 337 805 404 840; x_wconf 86' lang='lat' dir='ltr'>stro</span> <span class='ocrx_word' id='word_1_63' title='bbox 446 805 592 840; x_wconf 89' lang='lat' dir='ltr'>cibum.</span> <span class='ocrx_word' id='word_1_64' title='bbox 635 807 711 841; x_wconf 86' lang='lat' dir='ltr'>Aut</span> <span class='ocrx_word' id='word_1_65' title='bbox 752 817 860 851; x_wconf 88' lang='lat' dir='ltr'>quum</span> <span class='ocrx_word' id='word_1_66' title='bbox 903 804 1046 840; x_wconf 87' lang='lat' dir='ltr'>summis</span> 
     </span>
     <span class='ocr_line' id='line_1_14' title="bbox 338 855 1046 904; baseline 0 -14"><span class='ocrx_word' id='word_1_67' title='bbox 338 856 472 891; x_wconf 81' lang='lat' dir='ltr'>duobus</span> <span class='ocrx_word' id='word_1_68' title='bbox 518 855 642 904; x_wconf 77' lang='lat' dir='ltr'>digitis</span> <span class='ocrx_word' id='word_1_69' title='bbox 692 855 874 903; x_wconf 85' lang='lat' dir='ltr'>quisquam</span> <span class='ocrx_word' id='word_1_70' title='bbox 918 856 1046 903; x_wconf 88' lang='lat' dir='ltr'>pellem</span> 
     </span>
     <span class='ocr_line' id='line_1_15' title="bbox 340 905 1046 953; baseline -0.001 -11"><span class='ocrx_word' id='word_1_71' title='bbox 340 909 427 942; x_wconf 82' lang='lat' dir='ltr'>alter</span> <span class='ocrx_word' id='word_1_72' title='bbox 432 906 484 942; x_wconf 87' lang='lat' dir='ltr'>ius</span> <span class='ocrx_word' id='word_1_73' title='bbox 521 906 636 942; x_wconf 82' lang='lat' dir='ltr'>subito</span> <span class='ocrx_word' id='word_1_74' title='bbox 674 907 936 953; x_wconf 75' lang='lat' dir='ltr'>compressionis</span> <span class='ocrx_word' id='word_1_75' title='bbox 973 905 1046 941; x_wconf 72' lang='lat' dir='ltr'>i8m</span> 
     </span>
     <span class='ocr_line' id='line_1_16' title="bbox 339 956 1047 1006; baseline -0.001 -14"><span class='ocrx_word' id='word_1_76' title='bbox 339 957 495 1006; x_wconf 84' lang='lat' dir='ltr'>premit,</span> <span class='ocrx_word' id='word_1_77' title='bbox 524 957 616 1006; x_wconf 86' lang='lat' dir='ltr'>quod</span> <span class='ocrx_word' id='word_1_78' title='bbox 645 958 677 992; x_wconf 71' lang='grc' dir='ltr'>δ(</span> <span class='ocrx_word' id='word_1_79' title='bbox 706 970 787 993; x_wconf 84' lang='lat' dir='ltr'>aves</span> <span class='ocrx_word' id='word_1_80' title='bbox 813 957 920 992; x_wconf 79' lang='lat' dir='ltr'>rostro</span> <span class='ocrx_word' id='word_1_81' title='bbox 956 956 1047 992; x_wconf 90' lang='lat' dir='ltr'>face-</span> 
     </span>
     <span class='ocr_line' id='line_1_17' title="bbox 339 1005 1046 1057; baseline -0.001 -13"><span class='ocrx_word' id='word_1_82' title='bbox 339 1021 376 1044; x_wconf 79' lang='lat' dir='ltr'>te</span> <span class='ocrx_word' id='word_1_83' title='bbox 405 1008 613 1057; x_wconf 85' lang='lat' dir='ltr'>quandoque</span> <span class='ocrx_word' id='word_1_84' title='bbox 641 1008 887 1044; x_wconf 85' lang='lat' dir='ltr'>consuescunt.</span> <span class='ocrx_word' id='word_1_85' title='bbox 925 1007 981 1043; x_wconf 83' lang='lat' dir='ltr'>Est</span> <span class='ocrx_word' id='word_1_86' title='bbox 1009 1005 1046 1043; x_wconf 90' lang='lat'>&amp;</span> 
     </span>
     <span class='ocr_line' id='line_1_18' title="bbox 339 1059 1046 1106; baseline -0.003 -12"><span class='ocrx_word' id='word_1_87' title='bbox 339 1060 485 1095; x_wconf 89' lang='lat' dir='ltr'>verbum</span> <span class='ocrx_word' id='word_1_88' title='bbox 528 1061 642 1105; x_wconf 61' lang='lat' dir='ltr'>Pitzen</span> <span class='ocrx_word' id='word_1_89' title='bbox 683 1059 861 1106; x_wconf 81' lang='lat' dir='ltr'>aliquibus</span> <span class='ocrx_word' id='word_1_90' title='bbox 901 1061 1046 1094; x_wconf 84' lang='lat' dir='ltr'>Germa-</span> 
     </span>
     <span class='ocr_line' id='line_1_19' title="bbox 340 1109 1047 1157; baseline -0.001 -13"><span class='ocrx_word' id='word_1_91' title='bbox 340 1109 419 1144; x_wconf 84' lang='lat' dir='ltr'>niae</span> <span class='ocrx_word' id='word_1_92' title='bbox 448 1110 616 1157; x_wconf 85' lang='lat' dir='ltr'>Populis‚</span> <span class='ocrx_word' id='word_1_93' title='bbox 645 1109 839 1157; x_wconf 85' lang='lat' dir='ltr'>significans</span> <span class='ocrx_word' id='word_1_94' title='bbox 862 1109 1047 1154; x_wconf 61' lang='lat' dir='ltr'>Pizzicare.</span> 
     </span>
     <span class='ocr_line' id='line_1_20' title="bbox 289 1158 1049 1205; baseline -0.004 -9"><span class='ocrx_word' id='word_1_95' title='bbox 289 1161 453 1196; x_wconf 71' lang='lat' dir='ltr'>Poltrone.</span> <span class='ocrx_word' id='word_1_96' title='bbox 491 1162 655 1205; x_wconf 77' lang='lat' dir='ltr'>Igna-vus,</span> <span class='ocrx_word' id='word_1_97' title='bbox 684 1162 788 1194; x_wconf 78' lang='lat' dir='ltr'>Iners.</span> <span class='ocrx_word' id='word_1_98' title='bbox 827 1158 967 1193; x_wconf 90' lang='lat' dir='ltr'>Multus</span> <span class='ocrx_word' id='word_1_99' title='bbox 1004 1158 1049 1193; x_wconf 85' lang='lat' dir='ltr'>est</span> 
     </span>
     <span class='ocr_line' id='line_1_21' title="bbox 338 1207 1048 1256; baseline -0.001 -11"><span class='ocrx_word' id='word_1_100' title='bbox 338 1208 527 1256; x_wconf 80' lang='lat' dir='ltr'>Menagius</span> <span class='ocrx_word' id='word_1_101' title='bbox 555 1208 592 1244; x_wconf 84' lang='lat' dir='ltr'>in</span> <span class='ocrx_word' id='word_1_102' title='bbox 620 1207 827 1256; x_wconf 81' lang='lat' dir='ltr'>expiscanda</span> <span class='ocrx_word' id='word_1_103' title='bbox 864 1208 958 1243; x_wconf 86' lang='lat' dir='ltr'>istius</span> <span class='ocrx_word' id='word_1_104' title='bbox 986 1221 1048 1244; x_wconf 88' lang='lat' dir='ltr'>vo—</span> 
     </span>
     <span class='ocr_line' id='line_1_22' title="bbox 339 1258 1049 1305; baseline -0.003 -10"><span class='ocrx_word' id='word_1_105' title='bbox 339 1260 390 1295; x_wconf 82' lang='lat' dir='ltr'>cis</span> <span class='ocrx_word' id='word_1_106' title='bbox 427 1259 588 1305; x_wconf 73' lang='lat' dir='ltr'>origine.</span> <span class='ocrx_word' id='word_1_107' title='bbox 626 1262 775 1301; x_wconf 61' lang='lat' dir='ltr'>Suam,</span> <span class='ocrx_word' id='word_1_108' title='bbox 814 1258 1049 1293; x_wconf 89' lang='lat' dir='ltr'>Lindembro-</span> 
     </span>
     <span class='ocr_line' id='line_1_23' title="bbox 339 1306 1048 1358; baseline -0.006 -14"><span class='ocrx_word' id='word_1_109' title='bbox 339 1309 438 1358; x_wconf 71' lang='lat' dir='ltr'>gius,</span> <span class='ocrx_word' id='word_1_110' title='bbox 464 1310 496 1342; x_wconf 87' lang='lat'>&amp;</span> <span class='ocrx_word' id='word_1_111' title='bbox 526 1306 706 1342; x_wconf 74' lang='lat' dir='ltr'>Salmasius</span> <span class='ocrx_word' id='word_1_112' title='bbox 734 1319 752 1339; x_wconf 93' lang='lat' dir='ltr'>a</span> <span class='ocrx_word' id='word_1_113' title='bbox 779 1307 896 1339; x_wconf 84' lang='lat' dir='ltr'>Pollice</span> <span class='ocrx_word' id='word_1_114' title='bbox 922 1316 1048 1340; x_wconf 79' lang='lat' dir='ltr'>trunca-</span> 
     </span>
     <span class='ocr_line' id='line_1_24' title="bbox 337 1354 1050 1402; baseline -0.004 -8"><span class='ocrx_word' id='word_1_115' title='bbox 337 1371 399 1402; x_wconf 79' lang='lat' dir='ltr'>to;</span> <span class='ocrx_word' id='word_1_116' title='bbox 427 1357 623 1396; x_wconf 78' lang='lat' dir='ltr'>Ferrarius,</span> <span class='ocrx_word' id='word_1_117' title='bbox 660 1354 818 1394; x_wconf 82' lang='lat' dir='ltr'>Voffius,</span> <span class='ocrx_word' id='word_1_118' title='bbox 846 1356 880 1389; x_wconf 82' lang='lat'>&amp;</span> <span class='ocrx_word' id='word_1_119' title='bbox 917 1355 1003 1399; x_wconf 87' lang='lat' dir='ltr'>alii,</span> <span class='ocrx_word' id='word_1_120' title='bbox 1031 1368 1050 1391; x_wconf 84' lang='lat' dir='ltr'>a</span> 
     </span>
     <span class='ocr_line' id='line_1_25' title="bbox 337 1405 1049 1451; baseline -0.004 -7"><span class='ocrx_word' id='word_1_121' title='bbox 337 1413 471 1446; x_wconf 82' lang='lat' dir='ltr'>Murcus</span> <span class='ocrx_word' id='word_1_122' title='bbox 482 1422 502 1451; x_wconf 81' lang='lat'><em>;</em></span> <span class='ocrx_word' id='word_1_123' title='bbox 516 1409 620 1442; x_wconf 65' lang='lat' dir='ltr'>Alam</span> <span class='ocrx_word' id='word_1_124' title='bbox 629 1420 689 1442; x_wconf 88' lang='lat' dir='ltr'>nus</span> <span class='ocrx_word' id='word_1_125' title='bbox 701 1431 711 1446; x_wconf 96' lang='lat'>‚</span> <span class='ocrx_word' id='word_1_126' title='bbox 725 1405 920 1441; x_wconf 82' lang='lat' dir='ltr'>Galefinius</span> <span class='ocrx_word' id='word_1_127' title='bbox 932 1433 942 1449; x_wconf 93' lang='lat'>,</span> <span class='ocrx_word' id='word_1_128' title='bbox 957 1409 1049 1442; x_wconf 85' lang='lat' dir='ltr'>Lan-</span> 
     </span>
     <span class='ocr_line' id='line_1_26' title="bbox 338 1457 1049 1504; baseline -0.008 -8"><span class='ocrx_word' id='word_1_129' title='bbox 338 1460 464 1503; x_wconf 84' lang='lat' dir='ltr'>dinus,</span> <span class='ocrx_word' id='word_1_130' title='bbox 501 1459 708 1497; x_wconf 71' lang='lat' dir='ltr'>Taffonius.</span> <span class='ocrx_word' id='word_1_131' title='bbox 737 1457 891 1504; x_wconf 85' lang='lat' dir='ltr'>aliique,</span> <span class='ocrx_word' id='word_1_132' title='bbox 920 1470 939 1492; x_wconf 88' lang='lat' dir='ltr'>a</span> <span class='ocrx_word' id='word_1_133' title='bbox 975 1458 1049 1491; x_wconf 92' lang='lat' dir='ltr'>Pol-</span> 
     </span>
     <span class='ocr_line' id='line_1_27' title="bbox 337 1508 1050 1557; baseline -0.003 -11"><span class='ocrx_word' id='word_1_134' title='bbox 337 1521 411 1556; x_wconf 75' lang='lat' dir='ltr'>tro,</span> <span class='ocrx_word' id='word_1_135' title='bbox 448 1508 663 1557; x_wconf 81' lang='lat' dir='ltr'>significante</span> <span class='ocrx_word' id='word_1_136' title='bbox 705 1508 860 1552; x_wconf 56' lang='lat' dir='ltr'>Leeffum,</span> <span class='ocrx_word' id='word_1_137' title='bbox 897 1509 1050 1544; x_wconf 83' lang='lat' dir='ltr'>vocabu-</span> 
     </span>
     <span class='ocr_line' id='line_1_28' title="bbox 338 1540 1050 1608; baseline -0.006 -10"><span class='ocrx_word' id='word_1_138' title='bbox 338 1540 412 1598; x_wconf 81' lang='lat' dir='ltr'>luni</span> <span class='ocrx_word' id='word_1_139' title='bbox 459 1561 604 1595; x_wconf 81' lang='lat' dir='ltr'>Poltrone</span> <span class='ocrx_word' id='word_1_140' title='bbox 649 1558 832 1594; x_wconf 86' lang='lat' dir='ltr'>derivant.</span> <span class='ocrx_word' id='word_1_141' title='bbox 880 1559 1050 1608; x_wconf 82' lang='lat' dir='ltr'>Menagio</span> 
     </span>
     <span class='ocr_line' id='line_1_29' title="bbox 337 1609 1049 1658; baseline -0.003 -11"><span class='ocrx_word' id='word_1_142' title='bbox 337 1613 479 1648; x_wconf 81' lang='lat' dir='ltr'>tandem</span> <span class='ocrx_word' id='word_1_143' title='bbox 508 1623 615 1658; x_wconf 88' lang='lat' dir='ltr'>quum</span> <span class='ocrx_word' id='word_1_144' title='bbox 649 1609 797 1645; x_wconf 89' lang='lat' dir='ltr'>minime</span> <span class='ocrx_word' id='word_1_145' title='bbox 831 1619 964 1645; x_wconf 88' lang='lat' dir='ltr'>certum</span> <span class='ocrx_word' id='word_1_146' title='bbox 995 1610 1049 1645; x_wconf 90' lang='lat' dir='ltr'>vi-</span> 
     </span>
     <span class='ocr_line' id='line_1_30' title="bbox 337 1659 1049 1707; baseline -0.004 -9"><span class='ocrx_word' id='word_1_147' title='bbox 337 1663 480 1705; x_wconf 86' lang='lat' dir='ltr'>deatur,</span> <span class='ocrx_word' id='word_1_148' title='bbox 511 1663 561 1696; x_wconf 74' lang='lat' dir='ltr'>che</span> <span class='ocrx_word' id='word_1_149' title='bbox 597 1662 704 1697; x_wconf 80' lang='lat' dir='ltr'>Poltro</span> <span class='ocrx_word' id='word_1_150' title='bbox 737 1659 898 1707; x_wconf 81' lang='lat' dir='ltr'>significhi</span> <span class='ocrx_word' id='word_1_151' title='bbox 933 1664 1049 1700; x_wconf 77' lang='lat' dir='ltr'>Leno,</span> 
     </span>
     <span class='ocr_line' id='line_1_31' title="bbox 335 1711 1049 1753; baseline -0.003 -5"><span class='ocrx_word' id='word_1_152' title='bbox 335 1713 374 1749; x_wconf 77' lang='lat' dir='ltr'>in</span> <span class='ocrx_word' id='word_1_153' title='bbox 405 1721 558 1748; x_wconf 83' lang='lat' dir='ltr'>mentem</span> <span class='ocrx_word' id='word_1_154' title='bbox 586 1711 709 1753; x_wconf 80' lang='lat' dir='ltr'>venit,</span> <span class='ocrx_word' id='word_1_155' title='bbox 737 1711 969 1747; x_wconf 76' lang='lat' dir='ltr'>arcessendum</span> <span class='ocrx_word' id='word_1_156' title='bbox 999 1711 1049 1747; x_wconf 85' lang='lat' dir='ltr'>es—</span> 
     </span>
     <span class='ocr_line' id='line_1_32' title="bbox 334 1763 1048 1802; baseline -0.006 -2"><span class='ocrx_word' id='word_1_157' title='bbox 334 1764 368 1800; x_wconf 81' lang='lat' dir='ltr'>se</span> <span class='ocrx_word' id='word_1_158' title='bbox 397 1765 542 1798; x_wconf 76' lang='lat' dir='ltr'>Poltrone</span> <span class='ocrx_word' id='word_1_159' title='bbox 578 1777 595 1798; x_wconf 92' lang='lat' dir='ltr'>a</span> <span class='ocrx_word' id='word_1_160' title='bbox 625 1763 759 1802; x_wconf 83' lang='lat' dir='ltr'>Pullus,</span> <span class='ocrx_word' id='word_1_161' title='bbox 787 1763 947 1797; x_wconf 74' lang='lat' dir='ltr'>Pullitrus</span> <span class='ocrx_word' id='word_1_162' title='bbox 976 1763 1048 1802; x_wconf 62' lang='lat'>&amp;¹03</span> 
     </span>
     <span class='ocr_line' id='line_1_33' title="bbox 336 1812 1049 1862; baseline -0.004 -11"><span class='ocrx_word' id='word_1_163' title='bbox 336 1815 476 1851; x_wconf 81' lang='lat' dir='ltr'>Habeat</span> <span class='ocrx_word' id='word_1_164' title='bbox 505 1814 568 1850; x_wconf 77' lang='lat' dir='ltr'>ille</span> <span class='ocrx_word' id='word_1_165' title='bbox 603 1813 666 1849; x_wconf 71' lang='lat' dir='ltr'>libi</span> <span class='ocrx_word' id='word_1_166' title='bbox 693 1813 899 1862; x_wconf 84' lang='lat' dir='ltr'>opinionem</span> <span class='ocrx_word' id='word_1_167' title='bbox 931 1812 1049 1857; x_wconf 84' lang='lat' dir='ltr'>suam,</span> 
     </span>
     <span class='ocr_line' id='line_1_34' title="bbox 335 1863 1048 1914; baseline 0 -15"><span class='ocrx_word' id='word_1_168' title='bbox 335 1878 442 1912; x_wconf 82' lang='lat' dir='ltr'>quam</span> <span class='ocrx_word' id='word_1_169' title='bbox 483 1878 583 1914; x_wconf 81' lang='lat' dir='ltr'>aegre</span> <span class='ocrx_word' id='word_1_170' title='bbox 623 1865 787 1912; x_wconf 88' lang='lat' dir='ltr'>cuiquam</span> <span class='ocrx_word' id='word_1_171' title='bbox 830 1863 1048 1912; x_wconf 86' lang='lat' dir='ltr'>persuadeat.</span> 
     </span>
     <span class='ocr_line' id='line_1_35' title="bbox 335 1915 1049 1964; baseline 0.001 -15"><span class='ocrx_word' id='word_1_172' title='bbox 335 1915 439 1950; x_wconf 88' lang='lat' dir='ltr'>Italis</span> <span class='ocrx_word' id='word_1_173' title='bbox 475 1917 642 1951; x_wconf 79' lang='lat' dir='ltr'>adhaereo</span> <span class='ocrx_word' id='word_1_174' title='bbox 679 1929 768 1964; x_wconf 85' lang='lat' dir='ltr'>ego,</span> <span class='ocrx_word' id='word_1_175' title='bbox 807 1915 1049 1954; x_wconf 84' lang='lat' dir='ltr'>derivantibus</span> 
     </span>
     <span class='ocr_line' id='line_1_36' title="bbox 334 1965 1050 2006; baseline 0.001 -6"><span class='ocrx_word' id='word_1_176' title='bbox 334 1966 480 2002; x_wconf 78' lang='lat' dir='ltr'>Poltrone</span> <span class='ocrx_word' id='word_1_177' title='bbox 516 1967 548 2001; x_wconf 78' lang='lat'>8&lt;</span> <span class='ocrx_word' id='word_1_178' title='bbox 577 1968 712 2001; x_wconf 79' lang='lat' dir='ltr'>Poltrire</span> <span class='ocrx_word' id='word_1_179' title='bbox 748 1979 766 2001; x_wconf 89' lang='lat' dir='ltr'>a</span> <span class='ocrx_word' id='word_1_180' title='bbox 796 1967 930 2006; x_wconf 64' lang='lat' dir='ltr'>Polme,</span> <span class='ocrx_word' id='word_1_181' title='bbox 966 1965 1050 2001; x_wconf 88' lang='lat' dir='ltr'>idest</span> 
     </span>
     <span class='ocr_line' id='line_1_37' title="bbox 333 2016 1049 2063; baseline 0.001 -13"><span class='ocrx_word' id='word_1_182' title='bbox 333 2016 429 2053; x_wconf 71' lang='grc' dir='ltr'>1.εὲἳο</span> <span class='ocrx_word' id='word_1_183' title='bbox 440 2028 455 2050; x_wconf 89' lang='grc'>.·</span> <span class='ocrx_word' id='word_1_184' title='bbox 472 2029 576 2063; x_wconf 85' lang='lat' dir='ltr'>quam</span> <span class='ocrx_word' id='word_1_185' title='bbox 592 2031 715 2052; x_wconf 85' lang='lat' dir='ltr'>vocem</span> <span class='ocrx_word' id='word_1_186' title='bbox 732 2017 941 2053; x_wconf 90' lang='lat' dir='ltr'>Germanica</span> <span class='ocrx_word' id='word_1_187' title='bbox 960 2017 1049 2053; x_wconf 84' lang='lat' dir='ltr'>Lin-</span> 
     </span>
     <span class='ocr_line' id='line_1_38' title="bbox 334 2065 1048 2115; baseline 0.001 -14"><span class='ocrx_word' id='word_1_188' title='bbox 334 2079 401 2115; x_wconf 86' lang='lat' dir='ltr'>gua</span> <span class='ocrx_word' id='word_1_189' title='bbox 429 2067 531 2101; x_wconf 84' lang='lat' dir='ltr'>nobis</span> <span class='ocrx_word' id='word_1_190' title='bbox 571 2065 832 2111; x_wconf 81' lang='lat' dir='ltr'>suppeditavit.</span> <span class='ocrx_word' id='word_1_191' title='bbox 870 2067 926 2102; x_wconf 78' lang='lat' dir='ltr'>Est</span> <span class='ocrx_word' id='word_1_192' title='bbox 953 2067 1048 2103; x_wconf 90' lang='lat' dir='ltr'>enim</span> 
     </span>
     <span class='ocr_line' id='line_1_39' title="bbox 333 2116 1048 2160; baseline 0 -8"><span class='ocrx_word' id='word_1_193' title='bbox 333 2117 520 2154; x_wconf 87' lang='lat' dir='ltr'>Germanis</span> <span class='ocrx_word' id='word_1_194' title='bbox 556 2116 693 2158; x_wconf 82' lang='lat' dir='ltr'>Polster,</span> <span class='ocrx_word' id='word_1_195' title='bbox 721 2118 851 2160; x_wconf 60' lang='lat' dir='ltr'>Cultu,</span> <span class='ocrx_word' id='word_1_196' title='bbox 888 2118 1048 2152; x_wconf 84' lang='lat' dir='ltr'>Guancia-</span> 
     </span>
     <span class='ocr_line' id='line_1_40' title="bbox 333 2166 1049 2211; baseline 0.001 -10"><span class='ocrx_word' id='word_1_197' title='bbox 333 2167 385 2209; x_wconf 75' lang='lat' dir='ltr'>Ie,</span> <span class='ocrx_word' id='word_1_198' title='bbox 414 2167 607 2202; x_wconf 75' lang='lat' dir='ltr'>Piumaccio.</span> <span class='ocrx_word' id='word_1_199' title='bbox 646 2166 742 2202; x_wconf 88' lang='lat' dir='ltr'>Hinc</span> <span class='ocrx_word' id='word_1_200' title='bbox 774 2167 912 2211; x_wconf 71' lang='lat' dir='ltr'>Pomm,</span> <span class='ocrx_word' id='word_1_201' title='bbox 942 2169 1049 2202; x_wconf 83' lang='lat' dir='ltr'>Poltro</span> 
     </span>
     <span class='ocr_line' id='line_1_41' title="bbox 334 2215 1049 2264; baseline -0.001 -10"><span class='ocrx_word' id='word_1_202' title='bbox 334 2218 559 2254; x_wconf 81' lang='lat' dir='ltr'>efformatum</span> <span class='ocrx_word' id='word_1_203' title='bbox 590 2218 692 2264; x_wconf 82' lang='lat' dir='ltr'>plane</span> <span class='ocrx_word' id='word_1_204' title='bbox 720 2215 883 2253; x_wconf 84' lang='lat' dir='ltr'>videtur.</span> <span class='ocrx_word' id='word_1_205' title='bbox 913 2219 1049 2253; x_wconf 78' lang='lat' dir='ltr'>Poltrire</span> 
     </span>
     <span class='ocr_line' id='line_1_42' title="bbox 332 2266 1048 2316; baseline -0.001 -12"><span class='ocrx_word' id='word_1_206' title='bbox 332 2269 427 2304; x_wconf 86' lang='lat' dir='ltr'>nihil</span> <span class='ocrx_word' id='word_1_207' title='bbox 456 2268 552 2303; x_wconf 90' lang='lat' dir='ltr'>aliud</span> <span class='ocrx_word' id='word_1_208' title='bbox 585 2266 653 2312; x_wconf 86' lang='lat' dir='ltr'>est,</span> <span class='ocrx_word' id='word_1_209' title='bbox 690 2280 793 2315; x_wconf 87' lang='lat' dir='ltr'>quam</span> <span class='ocrx_word' id='word_1_210' title='bbox 822 2271 914 2302; x_wconf 77' lang='lat' dir='ltr'>Stare</span> <span class='ocrx_word' id='word_1_211' title='bbox 942 2279 1048 2316; x_wconf 79' lang='lat' dir='ltr'>troppo</span> 
     </span>
     <span class='ocr_line' id='line_1_43' title="bbox 332 2317 1045 2365; baseline 0 -12"><span class='ocrx_word' id='word_1_212' title='bbox 332 2318 368 2353; x_wconf 71' lang='lat' dir='ltr'>in</span> <span class='ocrx_word' id='word_1_213' title='bbox 395 2322 509 2362; x_wconf 73' lang='lat' dir='ltr'>Leno,</span> <span class='ocrx_word' id='word_1_214' title='bbox 537 2317 606 2354; x_wconf 85' lang='lat' dir='ltr'>five</span> <span class='ocrx_word' id='word_1_215' title='bbox 633 2319 714 2354; x_wconf 84' lang='lat' dir='ltr'>nelle</span> <span class='ocrx_word' id='word_1_216' title='bbox 739 2318 872 2363; x_wconf 77' lang='lat' dir='ltr'>Pium,</span> <span class='ocrx_word' id='word_1_217' title='bbox 899 2328 959 2355; x_wconf 83' lang='lat' dir='ltr'>aut</span> <span class='ocrx_word' id='word_1_218' title='bbox 980 2323 1045 2365; x_wconf 75' lang='lat' dir='ltr'><em>sot-</em></span> 
     </span>
     <span class='ocr_line' id='line_1_44' title="bbox 332 2370 574 2406; baseline 0 -3"><span class='ocrx_word' id='word_1_219' title='bbox 332 2379 366 2403; x_wconf 67' lang='grc' dir='ltr'>το</span> <span class='ocrx_word' id='word_1_220' title='bbox 392 2371 421 2403; x_wconf 84' lang='lat' dir='ltr'>le</span> <span class='ocrx_word' id='word_1_221' title='bbox 447 2370 574 2406; x_wconf 74' lang='lat' dir='ltr'>Coltri.</span> 
     </span>
    </p>
   </div>
   <div class='ocr_carea' id='block_1_2' title="bbox 282 2419 1046 2465">
    <p class='ocr_par' dir='ltr' id='par_1_2' title="bbox 282 2419 1046 2465">
     <span class='ocr_line' id='line_1_45' title="bbox 282 2419 1046 2465; baseline -0.001 -10"><span class='ocrx_word' id='word_1_222' title='bbox 282 2423 442 2458; x_wconf 75' lang='lat' dir='ltr'>Pomare.</span> <span class='ocrx_word' id='word_1_223' title='bbox 472 2421 543 2454; x_wconf 77' lang='lat' dir='ltr'>Vim</span> <span class='ocrx_word' id='word_1_224' title='bbox 574 2420 697 2465; x_wconf 78' lang='lat' dir='ltr'>facere,</span> <span class='ocrx_word' id='word_1_225' title='bbox 725 2419 780 2456; x_wconf 87' lang='lat' dir='ltr'>seu</span> <span class='ocrx_word' id='word_1_226' title='bbox 811 2419 888 2455; x_wconf 63' lang='lat' dir='ltr'>Nixi</span> <span class='ocrx_word' id='word_1_227' title='bbox 923 2420 957 2454; x_wconf 82' lang='lat' dir='ltr'>in</span> <span class='ocrx_word' id='word_1_228' title='bbox 984 2421 1046 2455; x_wconf 84' lang='lat' dir='ltr'>ali-</span> 
     </span>
    </p>
   </div>
   <div class='ocr_carea' id='block_1_3' title="bbox 332 2472 1047 2572">
    <p class='ocr_par' dir='ltr' id='par_1_3' title="bbox 332 2472 1047 2572">
     <span class='ocr_line' id='line_1_46' title="bbox 332 2472 1047 2516; baseline 0.001 -11"><span class='ocrx_word' id='word_1_229' title='bbox 332 2473 432 2516; x_wconf 78' lang='lat' dir='ltr'>quid.</span> <span class='ocrx_word' id='word_1_230' title='bbox 463 2475 537 2506; x_wconf 86' lang='lat' dir='ltr'>Aut</span> <span class='ocrx_word' id='word_1_231' title='bbox 565 2484 582 2506; x_wconf 89' lang='lat' dir='ltr'>a</span> <span class='ocrx_word' id='word_1_232' title='bbox 611 2473 764 2516; x_wconf 75' lang='lat' dir='ltr'>Pultare,</span> <span class='ocrx_word' id='word_1_233' title='bbox 791 2481 853 2507; x_wconf 91' lang='lat' dir='ltr'>aut</span> <span class='ocrx_word' id='word_1_234' title='bbox 883 2484 903 2507; x_wconf 92' lang='lat' dir='ltr'>a</span> <span class='ocrx_word' id='word_1_235' title='bbox 930 2472 1047 2506; x_wconf 78' lang='lat' dir='ltr'>Fultus</span> 
     </span>
     <span class='ocr_line' id='line_1_47' title="bbox 333 2521 1046 2572; baseline 0.003 -14"><span class='ocrx_word' id='word_1_236' title='bbox 333 2523 543 2572; x_wconf 77' lang='lat' dir='ltr'>Menagius:</span> <span class='ocrx_word' id='word_1_237' title='bbox 581 2523 622 2559; x_wconf 75' lang='lat' dir='ltr'>ab</span> <span class='ocrx_word' id='word_1_238' title='bbox 659 2523 833 2572; x_wconf 77' lang='lat' dir='ltr'>Impingere</span> <span class='ocrx_word' id='word_1_239' title='bbox 870 2521 1046 2560; x_wconf 77' lang='lat' dir='ltr'>Ferrarius</span> 
     </span>
    </p>
   </div>
   <div class='ocr_carea' id='block_1_4' title="bbox 1094 1155 1497 1201">
    <p class='ocr_par' dir='ltr' id='par_1_4' title="bbox 1094 1155 1497 1201">
     <span class='ocr_line' id='line_1_48' title="bbox 1094 1155 1497 1201; baseline 0.005 -12"><span class='ocrx_word' id='word_1_240' title='bbox 1094 1155 1125 1189; x_wconf 88' lang='lat' dir='ltr'>C</span> <span class='ocrx_word' id='word_1_241' title='bbox 1159 1158 1323 1201; x_wconf 80' lang='lat' dir='ltr'>Posticcio.</span> <span class='ocrx_word' id='word_1_242' title='bbox 1352 1157 1466 1192; x_wconf 71' lang='lat' dir='ltr'>Fic&#39;t&#39;us</span> <span class='ocrx_word' id='word_1_243' title='bbox 1477 1172 1497 1201; x_wconf 81' lang='lat'>‚-</span> 
     </span>
    </p>
   </div>
   <div class='ocr_carea' id='block_1_5' title="bbox 1098 176 1853 246">
    <p class='ocr_par' dir='ltr' id='par_1_5' title="bbox 1098 176 1853 246">
     <span class='ocr_line' id='line_1_49' title="bbox 1098 176 1853 246; baseline 0.003 -14"><span class='ocrx_word' id='word_1_244' title='bbox 1098 187 1315 233; x_wconf 76' lang='lat' dir='ltr'><em>MEDJJ</em></span> <span class='ocrx_word' id='word_1_245' title='bbox 1349 176 1853 246; x_wconf 57' lang='lat'>&gt;53121924</span> 
     </span>
    </p>
   </div>
   <div class='ocr_carea' id='block_1_6' title="bbox 1204 247 1925 1346">
    <p class='ocr_par' dir='ltr' id='par_1_6' title="bbox 1205 247 1923 1144">
     <span class='ocr_line' id='line_1_50' title="bbox 1205 247 1911 298; baseline 0.004 -16"><span class='ocrx_word' id='word_1_246' title='bbox 1205 256 1409 284; x_wconf 81' lang='lat' dir='ltr'>traxerunt.</span> <span class='ocrx_word' id='word_1_247' title='bbox 1451 248 1556 284; x_wconf 82' lang='lat' dir='ltr'>Nihil</span> <span class='ocrx_word' id='word_1_248' title='bbox 1598 247 1722 284; x_wconf 82' lang='lat' dir='ltr'>horum</span> <span class='ocrx_word' id='word_1_249' title='bbox 1765 253 1911 298; x_wconf 74' lang='lat' dir='ltr'>probe-s</span> 
     </span>
     <span class='ocr_line' id='line_1_51' title="bbox 1205 297 1913 348; baseline 0 -13"><span class='ocrx_word' id='word_1_250' title='bbox 1205 297 1312 335; x_wconf 86' lang='lat' dir='ltr'>Hisce</span> <span class='ocrx_word' id='word_1_251' title='bbox 1340 299 1548 348; x_wconf 67' lang='lat' dir='ltr'>conjcaesturis</span> <span class='ocrx_word' id='word_1_252' title='bbox 1579 301 1611 335; x_wconf 76' lang='grc' dir='ltr'>δ(</span> <span class='ocrx_word' id='word_1_253' title='bbox 1641 314 1776 344; x_wconf 78' lang='lat' dir='ltr'>meam,</span> <span class='ocrx_word' id='word_1_254' title='bbox 1806 313 1913 347; x_wconf 86' lang='lat' dir='ltr'>quae-</span> 
     </span>
     <span class='ocr_line' id='line_1_52' title="bbox 1207 350 1914 397; baseline 0 -12"><span class='ocrx_word' id='word_1_255' title='bbox 1207 362 1355 397; x_wconf 88' lang='lat' dir='ltr'>cumque</span> <span class='ocrx_word' id='word_1_256' title='bbox 1380 350 1441 396; x_wconf 83' lang='lat' dir='ltr'>fit,</span> <span class='ocrx_word' id='word_1_257' title='bbox 1467 351 1588 387; x_wconf 87' lang='lat' dir='ltr'>addere</span> <span class='ocrx_word' id='word_1_258' title='bbox 1615 352 1740 387; x_wconf 82' lang='lat' dir='ltr'>liceat.</span> <span class='ocrx_word' id='word_1_259' title='bbox 1767 353 1800 386; x_wconf 94' lang='lat' dir='ltr'>A</span> <span class='ocrx_word' id='word_1_260' title='bbox 1828 355 1914 386; x_wconf 78' lang='lat' dir='ltr'>Pon-</span> 
     </span>
     <span class='ocr_line' id='line_1_53' title="bbox 1206 400 1916 438; baseline 0.001 -2"><span class='ocrx_word' id='word_1_261' title='bbox 1206 411 1236 435; x_wconf 72' lang='lat' dir='ltr'>te</span> <span class='ocrx_word' id='word_1_262' title='bbox 1263 400 1399 437; x_wconf 76' lang='lat' dir='ltr'>fortasse</span> <span class='ocrx_word' id='word_1_263' title='bbox 1427 415 1495 437; x_wconf 85' lang='lat' dir='ltr'>vox</span> <span class='ocrx_word' id='word_1_264' title='bbox 1525 402 1724 438; x_wconf 83' lang='lat' dir='ltr'>emanavit.</span> <span class='ocrx_word' id='word_1_265' title='bbox 1762 404 1852 437; x_wconf 84' lang='lat' dir='ltr'>Pons</span> <span class='ocrx_word' id='word_1_266' title='bbox 1879 416 1916 437; x_wconf 93' lang='lat' dir='ltr'>e-</span> 
     </span>
     <span class='ocr_line' id='line_1_54' title="bbox 1206 452 1915 499; baseline 0.001 -12"><span class='ocrx_word' id='word_1_267' title='bbox 1206 452 1279 487; x_wconf 90' lang='lat' dir='ltr'>nim</span> <span class='ocrx_word' id='word_1_268' title='bbox 1310 465 1352 488; x_wconf 83' lang='lat' dir='ltr'>ex</span> <span class='ocrx_word' id='word_1_269' title='bbox 1391 462 1537 498; x_wconf 90' lang='lat' dir='ltr'>utraque</span> <span class='ocrx_word' id='word_1_270' title='bbox 1567 462 1663 499; x_wconf 86' lang='lat' dir='ltr'>parte</span> <span class='ocrx_word' id='word_1_271' title='bbox 1699 453 1773 488; x_wconf 90' lang='lat' dir='ltr'>vim</span> <span class='ocrx_word' id='word_1_272' title='bbox 1803 452 1915 496; x_wconf 87' lang='lat' dir='ltr'>facit,</span> 
     </span>
     <span class='ocr_line' id='line_1_55' title="bbox 1206 501 1916 550; baseline -0.001 -11"><span class='ocrx_word' id='word_1_273' title='bbox 1206 516 1244 539; x_wconf 79' lang='lat' dir='ltr'>ac</span> <span class='ocrx_word' id='word_1_274' title='bbox 1282 503 1411 538; x_wconf 87' lang='lat' dir='ltr'>nititur</span> <span class='ocrx_word' id='word_1_275' title='bbox 1447 502 1484 536; x_wconf 90' lang='lat' dir='ltr'>in</span> <span class='ocrx_word' id='word_1_276' title='bbox 1521 501 1633 548; x_wconf 84' lang='lat' dir='ltr'>ripas.</span> <span class='ocrx_word' id='word_1_277' title='bbox 1670 501 1916 550; x_wconf 85' lang='lat' dir='ltr'>Metaphorice</span> 
     </span>
     <span class='ocr_line' id='line_1_56' title="bbox 1207 551 1917 588; baseline 0 0"><span class='ocrx_word' id='word_1_278' title='bbox 1207 562 1321 588; x_wconf 85' lang='lat' dir='ltr'>autem</span> <span class='ocrx_word' id='word_1_279' title='bbox 1354 553 1521 587; x_wconf 81' lang='lat' dir='ltr'>translata</span> <span class='ocrx_word' id='word_1_280' title='bbox 1558 551 1701 587; x_wconf 86' lang='lat' dir='ltr'>videtur</span> <span class='ocrx_word' id='word_1_281' title='bbox 1729 552 1852 587; x_wconf 84' lang='lat' dir='ltr'>Pontis</span> <span class='ocrx_word' id='word_1_282' title='bbox 1880 567 1917 588; x_wconf 85' lang='lat' dir='ltr'>a·</span> 
     </span>
     <span class='ocr_line' id='line_1_57' title="bbox 1207 602 1918 641; baseline -0.003 -2"><span class='ocrx_word' id='word_1_283' title='bbox 1207 604 1280 639; x_wconf 67' lang='lat' dir='ltr'>&amp;io</span> <span class='ocrx_word' id='word_1_284' title='bbox 1308 603 1347 638; x_wconf 78' lang='lat' dir='ltr'>ad</span> <span class='ocrx_word' id='word_1_285' title='bbox 1377 602 1557 637; x_wconf 84' lang='lat' dir='ltr'>hominem</span> <span class='ocrx_word' id='word_1_286' title='bbox 1586 603 1771 641; x_wconf 78' lang='lat' dir='ltr'>Nitentem</span> <span class='ocrx_word' id='word_1_287' title='bbox 1801 602 1839 638; x_wconf 89' lang='lat' dir='ltr'>in</span> <span class='ocrx_word' id='word_1_288' title='bbox 1867 604 1918 638; x_wconf 86' lang='lat' dir='ltr'>al-</span> 
     </span>
     <span class='ocr_line' id='line_1_58' title="bbox 1209 652 1916 697; baseline -0.001 -8"><span class='ocrx_word' id='word_1_289' title='bbox 1209 664 1321 689; x_wconf 86' lang='lat' dir='ltr'>terum</span> <span class='ocrx_word' id='word_1_290' title='bbox 1359 652 1563 697; x_wconf 87' lang='lat' dir='ltr'>hominem,</span> <span class='ocrx_word' id='word_1_291' title='bbox 1600 663 1660 688; x_wconf 89' lang='lat' dir='ltr'>aut</span> <span class='ocrx_word' id='word_1_292' title='bbox 1695 653 1733 688; x_wconf 89' lang='lat' dir='ltr'>in</span> <span class='ocrx_word' id='word_1_293' title='bbox 1771 654 1916 688; x_wconf 83' lang='lat' dir='ltr'>alteram</span> 
     </span>
     <span class='ocr_line' id='line_1_59' title="bbox 1208 703 1918 752; baseline -0.003 -12"><span class='ocrx_word' id='word_1_294' title='bbox 1208 717 1303 743; x_wconf 81' lang='lat' dir='ltr'>rem,</span> <span class='ocrx_word' id='word_1_295' title='bbox 1331 716 1435 752; x_wconf 87' lang='lat' dir='ltr'>quam</span> <span class='ocrx_word' id='word_1_296' title='bbox 1472 703 1621 740; x_wconf 85' lang='lat' dir='ltr'>retinere</span> <span class='ocrx_word' id='word_1_297' title='bbox 1658 713 1718 739; x_wconf 84' lang='lat' dir='ltr'>aut</span> <span class='ocrx_word' id='word_1_298' title='bbox 1751 704 1918 746; x_wconf 76' lang='lat' dir='ltr'>repellere</span> 
     </span>
     <span class='ocr_line' id='line_1_60' title="bbox 1208 754 1918 790; baseline 0.001 -1"><span class='ocrx_word' id='word_1_299' title='bbox 1208 764 1376 790; x_wconf 89' lang='lat' dir='ltr'>conatur.</span> <span class='ocrx_word' id='word_1_300' title='bbox 1418 755 1522 790; x_wconf 90' lang='lat' dir='ltr'>Tunc</span> <span class='ocrx_word' id='word_1_301' title='bbox 1563 754 1656 790; x_wconf 90' lang='lat' dir='ltr'>enim</span> <span class='ocrx_word' id='word_1_302' title='bbox 1695 756 1736 790; x_wconf 88' lang='lat' dir='ltr'>ad</span> <span class='ocrx_word' id='word_1_303' title='bbox 1784 767 1918 790; x_wconf 90' lang='lat' dir='ltr'>morem</span> 
     </span>
     <span class='ocr_line' id='line_1_61' title="bbox 1209 803 1920 853; baseline 0 -13"><span class='ocrx_word' id='word_1_304' title='bbox 1209 805 1334 841; x_wconf 87' lang='lat' dir='ltr'>Pontis</span> <span class='ocrx_word' id='word_1_305' title='bbox 1355 804 1498 853; x_wconf 87' lang='lat' dir='ltr'>pedibus</span> <span class='ocrx_word' id='word_1_306' title='bbox 1519 803 1556 841; x_wconf 70' lang='grc' dir='ltr'>ὅ(</span> <span class='ocrx_word' id='word_1_307' title='bbox 1579 805 1739 841; x_wconf 87' lang='lat' dir='ltr'>manibus</span> <span class='ocrx_word' id='word_1_308' title='bbox 1761 804 1794 841; x_wconf 91' lang='lat' dir='ltr'>se</span> <span class='ocrx_word' id='word_1_309' title='bbox 1821 819 1920 840; x_wconf 88' lang='lat' dir='ltr'>com-</span> 
     </span>
     <span class='ocr_line' id='line_1_62' title="bbox 1209 855 1919 905; baseline 0 -14"><span class='ocrx_word' id='word_1_310' title='bbox 1209 855 1334 905; x_wconf 87' lang='lat' dir='ltr'>ponit,</span> <span class='ocrx_word' id='word_1_311' title='bbox 1365 856 1398 891; x_wconf 82' lang='lat'>&amp;</span> <span class='ocrx_word' id='word_1_312' title='bbox 1436 866 1557 891; x_wconf 82' lang='lat' dir='ltr'>contra</span> <span class='ocrx_word' id='word_1_313' title='bbox 1595 856 1757 891; x_wconf 85' lang='lat' dir='ltr'>Nititur.</span> <span class='ocrx_word' id='word_1_314' title='bbox 1793 858 1870 891; x_wconf 89' lang='lat' dir='ltr'>Aut</span> <span class='ocrx_word' id='word_1_315' title='bbox 1901 869 1919 890; x_wconf 89' lang='lat' dir='ltr'>a</span> 
     </span>
     <span class='ocr_line' id='line_1_63' title="bbox 1209 906 1919 947; baseline -0.001 -6"><span class='ocrx_word' id='word_1_316' title='bbox 1209 911 1317 942; x_wconf 78' lang='lat' dir='ltr'>Punta</span> <span class='ocrx_word' id='word_1_317' title='bbox 1354 906 1476 947; x_wconf 82' lang='lat' dir='ltr'>venit,</span> <span class='ocrx_word' id='word_1_318' title='bbox 1507 919 1586 941; x_wconf 77' lang='lat' dir='ltr'>nam</span> <span class='ocrx_word' id='word_1_319' title='bbox 1623 906 1775 942; x_wconf 88' lang='lat' dir='ltr'>dicimus</span> <span class='ocrx_word' id='word_1_320' title='bbox 1811 906 1919 942; x_wconf 79' lang='lat' dir='ltr'>etiam</span> 
     </span>
     <span class='ocr_line' id='line_1_64' title="bbox 1209 957 1920 1006; baseline 0 -14"><span class='ocrx_word' id='word_1_321' title='bbox 1209 961 1371 1001; x_wconf 57' lang='lat' dir='ltr'>Pavitare,</span> <span class='ocrx_word' id='word_1_322' title='bbox 1409 958 1443 993; x_wconf 88' lang='lat'>&amp;</span> <span class='ocrx_word' id='word_1_323' title='bbox 1485 957 1581 993; x_wconf 84' lang='lat' dir='ltr'>Galli</span> <span class='ocrx_word' id='word_1_324' title='bbox 1626 958 1756 992; x_wconf 78' lang='lat' dir='ltr'>Pointer</span> <span class='ocrx_word' id='word_1_325' title='bbox 1796 957 1920 1006; x_wconf 82' lang='lat' dir='ltr'>ajunt.</span> 
     </span>
     <span class='ocr_line' id='line_1_65' title="bbox 1209 1007 1923 1056; baseline -0.004 -12"><span class='ocrx_word' id='word_1_326' title='bbox 1209 1010 1256 1044; x_wconf 79' lang='lat' dir='ltr'>Et</span> <span class='ocrx_word' id='word_1_327' title='bbox 1284 1017 1367 1044; x_wconf 88' lang='lat' dir='ltr'>tunc</span> <span class='ocrx_word' id='word_1_328' title='bbox 1395 1008 1437 1044; x_wconf 89' lang='lat' dir='ltr'>ab</span> <span class='ocrx_word' id='word_1_329' title='bbox 1465 1008 1530 1049; x_wconf 89' lang='lat' dir='ltr'>iis,</span> <span class='ocrx_word' id='word_1_330' title='bbox 1559 1007 1619 1055; x_wconf 87' lang='lat' dir='ltr'>qui</span> <span class='ocrx_word' id='word_1_331' title='bbox 1646 1008 1822 1043; x_wconf 84' lang='lat' dir='ltr'>Acumine</span> <span class='ocrx_word' id='word_1_332' title='bbox 1848 1008 1923 1056; x_wconf 85' lang='lat' dir='ltr'>gla-</span> 
     </span>
     <span class='ocr_line' id='line_1_66' title="bbox 1209 1058 1923 1104; baseline 0 -11"><span class='ocrx_word' id='word_1_333' title='bbox 1209 1058 1261 1094; x_wconf 90' lang='lat' dir='ltr'>dii</span> <span class='ocrx_word' id='word_1_334' title='bbox 1298 1059 1335 1094; x_wconf 88' lang='lat' dir='ltr'>in</span> <span class='ocrx_word' id='word_1_335' title='bbox 1373 1058 1502 1095; x_wconf 87' lang='lat' dir='ltr'>hostem</span> <span class='ocrx_word' id='word_1_336' title='bbox 1539 1059 1737 1104; x_wconf 86' lang='lat' dir='ltr'>Nituntur,</span> <span class='ocrx_word' id='word_1_337' title='bbox 1765 1058 1923 1095; x_wconf 82' lang='lat' dir='ltr'>derivata</span> 
     </span>
     <span class='ocr_line' id='line_1_67' title="bbox 1211 1108 1602 1144; baseline 0.003 -1"><span class='ocrx_word' id='word_1_338' title='bbox 1211 1121 1281 1144; x_wconf 80' lang='lat' dir='ltr'>vox</span> <span class='ocrx_word' id='word_1_339' title='bbox 1310 1108 1448 1143; x_wconf 76' lang='lat' dir='ltr'>fortasse</span> <span class='ocrx_word' id='word_1_340' title='bbox 1475 1109 1602 1144; x_wconf 83' lang='lat' dir='ltr'>fuerit.</span> 
     </span>
    </p>

    <p class='ocr_par' dir='ltr' id='par_1_7' title="bbox 1204 1158 1925 1346">
     <span class='ocr_line' id='line_1_68' title="bbox 1528 1158 1924 1202; baseline 0 -10"><span class='ocrx_word' id='word_1_341' title='bbox 1528 1167 1566 1193; x_wconf 89' lang='lat' dir='ltr'>ut</span> <span class='ocrx_word' id='word_1_342' title='bbox 1595 1159 1742 1202; x_wconf 82' lang='lat' dir='ltr'>Capilli,</span> <span class='ocrx_word' id='word_1_343' title='bbox 1770 1159 1813 1192; x_wconf 69' lang='lat'>(9-</span> <span class='ocrx_word' id='word_1_344' title='bbox 1849 1158 1924 1194; x_wconf 86' lang='lat' dir='ltr'>bar-</span> 
     </span>
     <span class='ocr_line' id='line_1_69' title="bbox 1210 1208 1925 1255; baseline -0.003 -11"><span class='ocrx_word' id='word_1_345' title='bbox 1210 1211 1270 1248; x_wconf 85' lang='lat' dir='ltr'>ba,</span> <span class='ocrx_word' id='word_1_346' title='bbox 1294 1208 1436 1255; x_wconf 74' lang='lat' dir='ltr'>posttcci.</span> <span class='ocrx_word' id='word_1_347' title='bbox 1473 1209 1532 1244; x_wconf 85' lang='lat' dir='ltr'>Ab</span> <span class='ocrx_word' id='word_1_348' title='bbox 1561 1211 1718 1252; x_wconf 73' lang='lat' dir='ltr'>Imponere</span> <span class='ocrx_word' id='word_1_349' title='bbox 1752 1208 1797 1243; x_wconf 83' lang='lat' dir='ltr'>est</span> <span class='ocrx_word' id='word_1_350' title='bbox 1824 1209 1925 1252; x_wconf 78' lang='lat' dir='ltr'>impo-</span> 
     </span>
     <span class='ocr_line' id='line_1_70' title="bbox 1204 1258 1925 1299; baseline 0.007 -9"><span class='ocrx_word' id='word_1_351' title='bbox 1204 1258 1350 1299; x_wconf 60' lang='lat' dir='ltr'>fixstim,</span> <span class='ocrx_word' id='word_1_352' title='bbox 1379 1259 1445 1292; x_wconf 87' lang='lat' dir='ltr'>hoc</span> <span class='ocrx_word' id='word_1_353' title='bbox 1473 1258 1518 1292; x_wconf 87' lang='lat' dir='ltr'>est</span> <span class='ocrx_word' id='word_1_354' title='bbox 1548 1258 1686 1296; x_wconf 62' lang='lat' dir='ltr'>Fifflus,</span> <span class='ocrx_word' id='word_1_355' title='bbox 1714 1271 1785 1292; x_wconf 91' lang='lat' dir='ltr'>non</span> <span class='ocrx_word' id='word_1_356' title='bbox 1821 1268 1925 1295; x_wconf 85' lang='lat' dir='ltr'>natu-</span> 
     </span>
     <span class='ocr_line' id='line_1_71' title="bbox 1211 1305 1631 1346; baseline 0.002 -7"><span class='ocrx_word' id='word_1_357' title='bbox 1211 1307 1313 1340; x_wconf 84' lang='lat' dir='ltr'>ralis.</span> <span class='ocrx_word' id='word_1_358' title='bbox 1342 1305 1440 1339; x_wconf 87' lang='lat' dir='ltr'>Hinc</span> <span class='ocrx_word' id='word_1_359' title='bbox 1467 1306 1631 1346; x_wconf 76' lang='lat' dir='ltr'>Posticcio.</span> 
     </span>
    </p>
   </div>
   <div class='ocr_carea' id='block_1_7' title="bbox 1160 1354 1924 1405">
    <p class='ocr_par' dir='ltr' id='par_1_8' title="bbox 1160 1354 1924 1405">
     <span class='ocr_line' id='line_1_72' title="bbox 1160 1354 1924 1405; baseline 0.005 -15"><span class='ocrx_word' id='word_1_360' title='bbox 1160 1358 1289 1401; x_wconf 55' lang='lat' dir='ltr'>Pozqa.</span> <span class='ocrx_word' id='word_1_361' title='bbox 1331 1358 1485 1391; x_wconf 78' lang='lat' dir='ltr'>Lacuna.</span> <span class='ocrx_word' id='word_1_362' title='bbox 1526 1354 1619 1391; x_wconf 90' lang='lat' dir='ltr'>Vide</span> <span class='ocrx_word' id='word_1_363' title='bbox 1660 1354 1924 1405; x_wconf 85' lang='lat' dir='ltr'>subsequentem</span> 
     </span>
    </p>
   </div>
   <div class='ocr_carea' id='block_1_8' title="bbox 1212 1419 1361 1441">
    <p class='ocr_par' dir='ltr' id='par_1_9' title="bbox 1212 1419 1361 1441">
     <span class='ocr_line' id='line_1_73' title="bbox 1212 1419 1361 1441; baseline 0 0"><span class='ocrx_word' id='word_1_364' title='bbox 1212 1419 1334 1441; x_wconf 78' lang='lat' dir='ltr'>Vocem</span> <span class='ocrx_word' id='word_1_365' title='bbox 1352 1432 1361 1441; x_wconf 82' lang='lat'>.</span> 
     </span>
    </p>
   </div>
   <div class='ocr_carea' id='block_1_9' title="bbox 1161 1456 1924 1505">
    <p class='ocr_par' dir='ltr' id='par_1_10' title="bbox 1161 1456 1924 1505">
     <span class='ocr_line' id='line_1_74' title="bbox 1161 1456 1924 1505; baseline 0.008 -15"><span class='ocrx_word' id='word_1_366' title='bbox 1161 1457 1411 1504; x_wconf 58' lang='lat' dir='ltr'>Pozzdngbera.</span> <span class='ocrx_word' id='word_1_367' title='bbox 1422 1460 1554 1492; x_wconf 82' lang='lat' dir='ltr'>Lacuna</span> <span class='ocrx_word' id='word_1_368' title='bbox 1567 1456 1767 1505; x_wconf 82' lang='lat' dir='ltr'>praesertim</span> <span class='ocrx_word' id='word_1_369' title='bbox 1783 1458 1819 1495; x_wconf 90' lang='lat' dir='ltr'>in</span> <span class='ocrx_word' id='word_1_370' title='bbox 1833 1459 1901 1496; x_wconf 82' lang='lat' dir='ltr'>viis</span> <span class='ocrx_word' id='word_1_371' title='bbox 1914 1485 1924 1500; x_wconf 88' lang='lat'><em>,</em></span> 
     </span>
    </p>
   </div>
   <div class='ocr_carea' id='block_1_10' title="bbox 1206 1507 1928 2570">
    <p class='ocr_par' dir='ltr' id='par_1_11' title="bbox 1206 1507 1928 2415">
     <span class='ocr_line' id='line_1_75' title="bbox 1212 1507 1927 1555; baseline 0.003 -11"><span class='ocrx_word' id='word_1_372' title='bbox 1212 1521 1337 1555; x_wconf 80' lang='lat' dir='ltr'>aquam</span> <span class='ocrx_word' id='word_1_373' title='bbox 1367 1507 1573 1544; x_wconf 85' lang='lat' dir='ltr'>continens.</span> <span class='ocrx_word' id='word_1_374' title='bbox 1601 1510 1636 1544; x_wconf 83' lang='lat' dir='ltr'>A</span> <span class='ocrx_word' id='word_1_375' title='bbox 1664 1511 1773 1545; x_wconf 80' lang='lat' dir='ltr'>Fovea</span> <span class='ocrx_word' id='word_1_376' title='bbox 1805 1513 1927 1546; x_wconf 83' lang='lat' dir='ltr'>Ferra-</span> 
     </span>
     <span class='ocr_line' id='line_1_76' title="bbox 1212 1558 1924 1603; baseline 0.003 -8"><span class='ocrx_word' id='word_1_377' title='bbox 1212 1559 1284 1595; x_wconf 78' lang='lat' dir='ltr'>rius</span> <span class='ocrx_word' id='word_1_378' title='bbox 1309 1558 1479 1603; x_wconf 86' lang='lat' dir='ltr'>deduxit,</span> <span class='ocrx_word' id='word_1_379' title='bbox 1501 1559 1557 1595; x_wconf 86' lang='lat' dir='ltr'>cui</span> <span class='ocrx_word' id='word_1_380' title='bbox 1582 1572 1686 1595; x_wconf 85' lang='lat' dir='ltr'>nemo</span> <span class='ocrx_word' id='word_1_381' title='bbox 1713 1559 1924 1598; x_wconf 81' lang='lat' dir='ltr'>subscribat.</span> 
     </span>
     <span class='ocr_line' id='line_1_77' title="bbox 1213 1611 1925 1658; baseline 0.003 -13"><span class='ocrx_word' id='word_1_382' title='bbox 1213 1611 1249 1645; x_wconf 88' lang='lat' dir='ltr'>A</span> <span class='ocrx_word' id='word_1_383' title='bbox 1275 1613 1403 1656; x_wconf 59' lang='grc' dir='ltr'><em>Ροζζο,</em></span> <span class='ocrx_word' id='word_1_384' title='bbox 1427 1614 1559 1656; x_wconf 57' lang='grc' dir='ltr'><em>Ρσζζα,</em></span> <span class='ocrx_word' id='word_1_385' title='bbox 1586 1613 1817 1658; x_wconf 60' lang='grc' dir='ltr'>Ροζζόηὲᾗενα</span> <span class='ocrx_word' id='word_1_386' title='bbox 1842 1611 1925 1647; x_wconf 85' lang='lat' dir='ltr'>Me-</span> 
     </span>
     <span class='ocr_line' id='line_1_78' title="bbox 1214 1659 1925 1711; baseline 0.003 -15"><span class='ocrx_word' id='word_1_387' title='bbox 1214 1659 1363 1710; x_wconf 85' lang='lat' dir='ltr'>nagius,</span> <span class='ocrx_word' id='word_1_388' title='bbox 1402 1661 1465 1709; x_wconf 84' lang='lat' dir='ltr'>qui</span> <span class='ocrx_word' id='word_1_389' title='bbox 1507 1660 1617 1697; x_wconf 90' lang='lat' dir='ltr'>adhuc</span> <span class='ocrx_word' id='word_1_390' title='bbox 1658 1661 1925 1711; x_wconf 84' lang='lat' dir='ltr'>interrogandus</span> 
     </span>
     <span class='ocr_line' id='line_1_79' title="bbox 1213 1711 1926 1758; baseline 0.001 -11"><span class='ocrx_word' id='word_1_391' title='bbox 1213 1711 1283 1751; x_wconf 88' lang='lat' dir='ltr'>est,</span> <span class='ocrx_word' id='word_1_392' title='bbox 1322 1725 1383 1747; x_wconf 89' lang='lat' dir='ltr'>cur</span> <span class='ocrx_word' id='word_1_393' title='bbox 1417 1713 1558 1758; x_wconf 83' lang='lat' dir='ltr'>a&#39;nghera</span> <span class='ocrx_word' id='word_1_394' title='bbox 1597 1712 1755 1748; x_wconf 88' lang='lat' dir='ltr'>additum</span> <span class='ocrx_word' id='word_1_395' title='bbox 1797 1712 1926 1748; x_wconf 85' lang='lat' dir='ltr'>fuerit.</span> 
     </span>
     <span class='ocr_line' id='line_1_80' title="bbox 1213 1762 1926 1799; baseline 0.003 -2"><span class='ocrx_word' id='word_1_396' title='bbox 1213 1763 1242 1797; x_wconf 85' lang='lat' dir='ltr'><strong>E</strong></span> <span class='ocrx_word' id='word_1_397' title='bbox 1284 1762 1496 1798; x_wconf 87' lang='lat' dir='ltr'>Latinorum</span> <span class='ocrx_word' id='word_1_398' title='bbox 1538 1766 1657 1797; x_wconf 79' lang='lat' dir='ltr'>Putem·</span> <span class='ocrx_word' id='word_1_399' title='bbox 1703 1763 1926 1799; x_wconf 81' lang='lat' dir='ltr'>efformatum</span> 
     </span>
     <span class='ocr_line' id='line_1_81' title="bbox 1213 1810 1927 1860; baseline 0.003 -12"><span class='ocrx_word' id='word_1_400' title='bbox 1213 1811 1357 1860; x_wconf 86' lang='lat' dir='ltr'>quidem</span> <span class='ocrx_word' id='word_1_401' title='bbox 1398 1810 1468 1847; x_wconf 87' lang='lat' dir='ltr'>fuit</span> <span class='ocrx_word' id='word_1_402' title='bbox 1507 1812 1658 1847; x_wconf 87' lang='lat' dir='ltr'>nostrum</span> <span class='ocrx_word' id='word_1_403' title='bbox 1699 1816 1832 1858; x_wconf 57' lang='lat' dir='ltr'><em>P⁰ZZ⁰·</em></span> <span class='ocrx_word' id='word_1_404' title='bbox 1873 1815 1927 1849; x_wconf 85' lang='lat' dir='ltr'>At</span> 
     </span>
     <span class='ocr_line' id='line_1_82' title="bbox 1213 1861 1925 1911; baseline 0.003 -13"><span class='ocrx_word' id='word_1_405' title='bbox 1213 1867 1351 1909; x_wconf 63' lang='lat' dir='ltr'><strong><em>P⁰Z&lt;“›</em></strong></span> <span class='ocrx_word' id='word_1_406' title='bbox 1393 1861 1588 1911; x_wconf 77' lang='lat' dir='ltr'>significans</span> <span class='ocrx_word' id='word_1_407' title='bbox 1629 1866 1816 1903; x_wconf 79' lang='lat' dir='ltr'>Lacunam,</span> <span class='ocrx_word' id='word_1_408' title='bbox 1857 1863 1925 1900; x_wconf 85' lang='lat' dir='ltr'>five</span> 
     </span>
     <span class='ocr_line' id='line_1_83' title="bbox 1214 1912 1926 1961; baseline 0.003 -12"><span class='ocrx_word' id='word_1_409' title='bbox 1214 1915 1332 1949; x_wconf 88' lang='lat' dir='ltr'>locum</span> <span class='ocrx_word' id='word_1_410' title='bbox 1361 1913 1398 1949; x_wconf 87' lang='lat' dir='ltr'>in</span> <span class='ocrx_word' id='word_1_411' title='bbox 1436 1912 1616 1960; x_wconf 86' lang='lat' dir='ltr'>superficie</span> <span class='ocrx_word' id='word_1_412' title='bbox 1645 1913 1764 1961; x_wconf 88' lang='lat' dir='ltr'>aliqua</span> <span class='ocrx_word' id='word_1_413' title='bbox 1801 1927 1926 1951; x_wconf 89' lang='lat' dir='ltr'>conca-</span> 
     </span>
     <span class='ocr_line' id='line_1_84' title="bbox 1214 1964 1927 2011; baseline 0.003 -12"><span class='ocrx_word' id='word_1_414' title='bbox 1214 1977 1321 2004; x_wconf 78' lang='lat' dir='ltr'>vum,</span> <span class='ocrx_word' id='word_1_415' title='bbox 1349 1964 1386 1999; x_wconf 89' lang='lat' dir='ltr'>in</span> <span class='ocrx_word' id='word_1_416' title='bbox 1424 1977 1495 2010; x_wconf 90' lang='lat' dir='ltr'>quo</span> <span class='ocrx_word' id='word_1_417' title='bbox 1522 1977 1633 2011; x_wconf 86' lang='lat' dir='ltr'>aqua,</span> <span class='ocrx_word' id='word_1_418' title='bbox 1665 1974 1726 2000; x_wconf 91' lang='lat' dir='ltr'>aut</span> <span class='ocrx_word' id='word_1_419' title='bbox 1762 1964 1851 2001; x_wconf 89' lang='lat' dir='ltr'>alius</span> <span class='ocrx_word' id='word_1_420' title='bbox 1880 1965 1927 2002; x_wconf 82' lang='lat' dir='ltr'>li-</span> 
     </span>
     <span class='ocr_line' id='line_1_85' title="bbox 1214 2014 1928 2063; baseline 0.001 -13"><span class='ocrx_word' id='word_1_421' title='bbox 1214 2028 1304 2063; x_wconf 87' lang='lat' dir='ltr'>quor</span> <span class='ocrx_word' id='word_1_422' title='bbox 1339 2014 1518 2059; x_wconf 81' lang='lat' dir='ltr'>confistat‚</span> <span class='ocrx_word' id='word_1_423' title='bbox 1546 2023 1670 2062; x_wconf 82' lang='lat' dir='ltr'>utpote</span> <span class='ocrx_word' id='word_1_424' title='bbox 1705 2014 1860 2052; x_wconf 86' lang='lat' dir='ltr'>diversae</span> <span class='ocrx_word' id='word_1_425' title='bbox 1887 2015 1928 2051; x_wconf 86' lang='lat' dir='ltr'>fi-</span> 
     </span>
     <span class='ocr_line' id='line_1_86' title="bbox 1214 2064 1928 2115; baseline 0.003 -15"><span class='ocrx_word' id='word_1_426' title='bbox 1214 2064 1456 2115; x_wconf 85' lang='lat' dir='ltr'>gnificationis</span> <span class='ocrx_word' id='word_1_427' title='bbox 1492 2079 1512 2101; x_wconf 82' lang='lat' dir='ltr'>a</span> <span class='ocrx_word' id='word_1_428' title='bbox 1548 2069 1681 2110; x_wconf 60' lang='lat' dir='ltr'>Pozgo,</span> <span class='ocrx_word' id='word_1_429' title='bbox 1719 2065 1825 2102; x_wconf 84' lang='lat' dir='ltr'>aliam</span> <span class='ocrx_word' id='word_1_430' title='bbox 1867 2065 1928 2102; x_wconf 88' lang='lat' dir='ltr'>ha-</span> 
     </span>
     <span class='ocr_line' id='line_1_87' title="bbox 1215 2115 1928 2164; baseline 0.003 -13"><span class='ocrx_word' id='word_1_431' title='bbox 1215 2116 1322 2152; x_wconf 84' lang='lat' dir='ltr'>buiffe</span> <span class='ocrx_word' id='word_1_432' title='bbox 1347 2116 1522 2164; x_wconf 84' lang='lat' dir='ltr'>originem</span> <span class='ocrx_word' id='word_1_433' title='bbox 1548 2115 1638 2151; x_wconf 88' lang='lat' dir='ltr'>mihi</span> <span class='ocrx_word' id='word_1_434' title='bbox 1665 2116 1839 2158; x_wconf 75' lang='lat' dir='ltr'>creditur,</span> <span class='ocrx_word' id='word_1_435' title='bbox 1861 2117 1928 2153; x_wconf 91' lang='lat' dir='ltr'>hoc</span> 
     </span>
     <span class='ocr_line' id='line_1_88' title="bbox 1215 2166 1927 2203; baseline 0 0"><span class='ocrx_word' id='word_1_436' title='bbox 1215 2166 1258 2203; x_wconf 85' lang='lat' dir='ltr'>est</span> <span class='ocrx_word' id='word_1_437' title='bbox 1294 2167 1567 2202; x_wconf 84' lang='lat' dir='ltr'>Germanicam.</span> <span class='ocrx_word' id='word_1_438' title='bbox 1605 2168 1698 2203; x_wconf 88' lang='lat' dir='ltr'>Nam</span> <span class='ocrx_word' id='word_1_439' title='bbox 1742 2168 1927 2203; x_wconf 81' lang='lat' dir='ltr'>Germanis</span> 
     </span>
     <span class='ocr_line' id='line_1_89' title="bbox 1213 2218 1926 2266; baseline 0.003 -14"><span class='ocrx_word' id='word_1_440' title='bbox 1213 2222 1321 2263; x_wconf 59' lang='lat' dir='ltr'>Pozzo</span> <span class='ocrx_word' id='word_1_441' title='bbox 1347 2218 1544 2266; x_wconf 88' lang='lat' dir='ltr'>appellatur</span> <span class='ocrx_word' id='word_1_442' title='bbox 1569 2219 1773 2254; x_wconf 75' lang='lat' dir='ltr'>Sodbrunne.</span> <span class='ocrx_word' id='word_1_443' title='bbox 1804 2220 1926 2265; x_wconf 83' lang='lat' dir='ltr'>Quum</span> 
     </span>
     <span class='ocr_line' id='line_1_90' title="bbox 1215 2268 1925 2313; baseline -0.004 -9"><span class='ocrx_word' id='word_1_444' title='bbox 1215 2273 1298 2304; x_wconf 79' lang='lat' dir='ltr'>vero</span> <span class='ocrx_word' id='word_1_445' title='bbox 1325 2273 1508 2313; x_wconf 83' lang='lat' dir='ltr'>Lacunam,</span> <span class='ocrx_word' id='word_1_446' title='bbox 1534 2268 1590 2304; x_wconf 91' lang='lat' dir='ltr'>seu</span> <span class='ocrx_word' id='word_1_447' title='bbox 1617 2269 1738 2309; x_wconf 88' lang='lat' dir='ltr'>locum,</span> <span class='ocrx_word' id='word_1_448' title='bbox 1765 2271 1819 2304; x_wconf 85' lang='lat' dir='ltr'>ubi</span> <span class='ocrx_word' id='word_1_449' title='bbox 1845 2280 1925 2313; x_wconf 78' lang='lat' dir='ltr'>aqua</span> 
     </span>
     <span class='ocr_line' id='line_1_91' title="bbox 1206 2318 1925 2367; baseline 0 -14"><span class='ocrx_word' id='word_1_450' title='bbox 1206 2320 1295 2363; x_wconf 79' lang='lat' dir='ltr'>stat,</span> <span class='ocrx_word' id='word_1_451' title='bbox 1319 2318 1491 2367; x_wconf 78' lang='lat' dir='ltr'>designare</span> <span class='ocrx_word' id='word_1_452' title='bbox 1513 2320 1662 2363; x_wconf 89' lang='lat' dir='ltr'>volunt,</span> <span class='ocrx_word' id='word_1_453' title='bbox 1683 2319 1808 2355; x_wconf 90' lang='lat' dir='ltr'>dicunt</span> <span class='ocrx_word' id='word_1_454' title='bbox 1828 2322 1857 2353; x_wconf 87' lang='lat' dir='ltr'><em>P</em></span> <span class='ocrx_word' id='word_1_455' title='bbox 1873 2326 1925 2349; x_wconf 82' lang='lat' dir='ltr'>ut-</span> 
     </span>
     <span class='ocr_line' id='line_1_92' title="bbox 1213 2369 1922 2415; baseline 0 -10"><span class='ocrx_word' id='word_1_456' title='bbox 1213 2383 1272 2414; x_wconf 69' lang='lat' dir='ltr'>ze‚</span> <span class='ocrx_word' id='word_1_457' title='bbox 1309 2369 1365 2405; x_wconf 89' lang='lat' dir='ltr'>seu</span> <span class='ocrx_word' id='word_1_458' title='bbox 1406 2369 1519 2415; x_wconf 60' lang='lat' dir='ltr'>Pfotze</span> <span class='ocrx_word' id='word_1_459' title='bbox 1559 2369 1724 2405; x_wconf 87' lang='lat' dir='ltr'>feminini</span> <span class='ocrx_word' id='word_1_460' title='bbox 1764 2379 1922 2415; x_wconf 70' lang='lat' dir='ltr'>genens</span> 
     </span>
    </p>

    <p class='ocr_par' dir='ltr' id='par_1_12' title="bbox 1213 2416 1924 2519">
     <span class='ocr_line' id='line_1_93' title="bbox 1215 2416 1924 2477; baseline -0.007 -20"><span class='ocrx_word' id='word_1_461' title='bbox 1215 2422 1357 2457; x_wconf 88' lang='lat' dir='ltr'>Nomen</span> <span class='ocrx_word' id='word_1_462' title='bbox 1386 2420 1473 2460; x_wconf 85' lang='lat' dir='ltr'>hoc,</span> <span class='ocrx_word' id='word_1_463' title='bbox 1501 2420 1638 2477; x_wconf 63' lang='lat' dir='ltr'>abje&amp;o</span> <span class='ocrx_word' id='word_1_464' title='bbox 1665 2422 1705 2454; x_wconf 88' lang='lat' dir='ltr'>F.</span> <span class='ocrx_word' id='word_1_465' title='bbox 1729 2416 1924 2463; x_wconf 83' lang='lat' dir='ltr'>euphoniae</span> 
     </span>
     <span class='ocr_line' id='line_1_94' title="bbox 1213 2465 1921 2519; baseline -0.012 -13"><span class='ocrx_word' id='word_1_466' title='bbox 1213 2472 1348 2519; x_wconf 83' lang='lat' dir='ltr'>gratia,</span> <span class='ocrx_word' id='word_1_467' title='bbox 1374 2484 1437 2507; x_wconf 88' lang='lat' dir='ltr'>nos</span> <span class='ocrx_word' id='word_1_468' title='bbox 1465 2470 1701 2507; x_wconf 82' lang='lat' dir='ltr'>convertimus</span> <span class='ocrx_word' id='word_1_469' title='bbox 1727 2465 1763 2501; x_wconf 89' lang='lat' dir='ltr'>in</span> <span class='ocrx_word' id='word_1_470' title='bbox 1791 2470 1921 2511; x_wconf 53' lang='lat' dir='ltr'>Pozqa.</span> 
     </span>
    </p>

    <p class='ocr_par' dir='ltr' id='par_1_13' title="bbox 1212 2516 1923 2570">
     <span class='ocr_line' id='line_1_95' title="bbox 1212 2516 1923 2570; baseline 0 -16"><span class='ocrx_word' id='word_1_471' title='bbox 1212 2522 1397 2560; x_wconf 72' lang='lat' dir='ltr'>Germanis</span> <span class='ocrx_word' id='word_1_472' title='bbox 1425 2531 1562 2570; x_wconf 79' lang='lat' dir='ltr'>quoque</span> <span class='ocrx_word' id='word_1_473' title='bbox 1585 2516 1630 2553; x_wconf 85' lang='lat' dir='ltr'>est</span> <span class='ocrx_word' id='word_1_474' title='bbox 1654 2519 1811 2555; x_wconf 74' lang='lat' dir='ltr'>Gerasam,</span> <span class='ocrx_word' id='word_1_475' title='bbox 1838 2516 1923 2554; x_wconf 76' lang='lat' dir='ltr'>idest</span> 
     </span>
    </p>
   </div>
   <div class='ocr_carea' id='block_1_11' title="bbox 1802 2569 1869 2604">
    <p class='ocr_par' dir='ltr' id='par_1_14' title="bbox 1802 2569 1869 2604">
     <span class='ocr_line' id='line_1_96' title="bbox 1802 2569 1869 2604; baseline -0.015 0"><span class='ocrx_word' id='word_1_476' title='bbox 1802 2569 1869 2604; x_wconf 80' lang='lat' dir='ltr'>La-</span> 
     </span>
    </p>
   </div>
  </div>
 </body>
</html>
