<?xml version="1.0" encoding="UTF-8"?>
<!DOCTYPE html PUBLIC "-//W3C//DTD XHTML 1.0 Transitional//EN"
    "http://www.w3.org/TR/xhtml1/DTD/xhtml1-transitional.dtd">
<html xmlns="http://www.w3.org/1999/xhtml" xml:lang="en" lang="en">
 <head>
  <title>
</title>
<meta http-equiv="Content-Type" content="text/html;charset=utf-8" />
  <meta name='ocr-system' content='tesseract 3.04.00' />
  <meta name='ocr-capabilities' content='ocr_page ocr_carea ocr_par ocr_line ocrx_word'/>
</head>
<body>
  <div class='ocr_page' id='page_1' title='image "antiquitatesital06mura_0292.png"; bbox 0 0 2169 3047; ppageno 0'>
   <div class='ocr_carea' id='block_1_1' title="bbox 772 174 1937 256">
    <p class='ocr_par' dir='ltr' id='par_1_1' title="bbox 772 174 1937 256">
     <span class='ocr_line' id='line_1_1' title="bbox 772 174 1937 256; baseline 0.003 -23"><span class='ocrx_word' id='word_1_1' title='bbox 772 188 1143 247; x_wconf 65' lang='lat' dir='ltr'>ANTJQMT.</span> <span class='ocrx_word' id='word_1_2' title='bbox 1185 187 1401 233; x_wconf 64' lang='lat' dir='ltr'>Aaron</span> <span class='ocrx_word' id='word_1_3' title='bbox 1433 174 1599 236; x_wconf 68' lang='lat' dir='ltr'><em>AEVJ&#39;</em></span> <span class='ocrx_word' id='word_1_4' title='bbox 1854 208 1937 256; x_wconf 77' lang='lat'>576</span> 
     </span>
    </p>
   </div>
   <div class='ocr_carea' id='block_1_2' title="bbox 363 247 1994 301">
    <p class='ocr_par' dir='ltr' id='par_1_2' title="bbox 363 247 1994 301">
     <span class='ocr_line' id='line_1_2' title="bbox 363 247 1994 301; baseline 0.002 -16"><span class='ocrx_word' id='word_1_5' title='bbox 363 250 518 297; x_wconf 80' lang='lat' dir='ltr'>reliquas</span> <span class='ocrx_word' id='word_1_6' title='bbox 547 249 610 285; x_wconf 86' lang='lat' dir='ltr'>alii</span> <span class='ocrx_word' id='word_1_7' title='bbox 638 248 767 297; x_wconf 80' lang='lat' dir='ltr'>Populi</span> <span class='ocrx_word' id='word_1_8' title='bbox 795 249 972 285; x_wconf 84' lang='lat' dir='ltr'>occafione</span> <span class='ocrx_word' id='word_1_9' title='bbox 1009 249 1128 297; x_wconf 83' lang='lat' dir='ltr'>aliqua</span> <span class='ocrx_word' id='word_1_10' title='bbox 1165 247 1199 282; x_wconf 93' lang='lat' dir='ltr'>A</span> <span class='ocrx_word' id='word_1_11' title='bbox 1235 264 1306 295; x_wconf 82' lang='lat' dir='ltr'>cea,</span> <span class='ocrx_word' id='word_1_12' title='bbox 1343 265 1421 298; x_wconf 86' lang='lat' dir='ltr'>quae</span> <span class='ocrx_word' id='word_1_13' title='bbox 1448 255 1550 288; x_wconf 83' lang='lat' dir='ltr'>Pades</span> <span class='ocrx_word' id='word_1_14' title='bbox 1586 255 1710 289; x_wconf 81' lang='lat' dir='ltr'><em>Gallice</em></span> <span class='ocrx_word' id='word_1_15' title='bbox 1743 266 1889 301; x_wconf 77' lang='lat' dir='ltr'>vocetur,</span> <span class='ocrx_word' id='word_1_16' title='bbox 1928 262 1994 294; x_wconf 66' lang='lat' dir='ltr'>Pa-</span> 
     </span>
    </p>
   </div>
   <div class='ocr_carea' id='block_1_3' title="bbox 346 300 1126 2583">
    <p class='ocr_par' dir='ltr' id='par_1_3' title="bbox 363 300 1126 552">
     <span class='ocr_line' id='line_1_3' title="bbox 363 300 1126 336; baseline 0 0"><span class='ocrx_word' id='word_1_17' title='bbox 363 300 625 336; x_wconf 80' lang='lat' dir='ltr'>interveniente</span> <span class='ocrx_word' id='word_1_18' title='bbox 653 300 690 335; x_wconf 89' lang='lat' dir='ltr'>in</span> <span class='ocrx_word' id='word_1_19' title='bbox 720 300 818 336; x_wconf 83' lang='lat' dir='ltr'>hasce</span> <span class='ocrx_word' id='word_1_20' title='bbox 847 311 953 336; x_wconf 82' lang='lat' dir='ltr'>terras</span> <span class='ocrx_word' id='word_1_21' title='bbox 981 302 1126 336; x_wconf 86' lang='lat' dir='ltr'>invexe-</span> 
     </span>
     <span class='ocr_line' id='line_1_4' title="bbox 364 352 1125 390; baseline 0.001 -4"><span class='ocrx_word' id='word_1_22' title='bbox 364 364 424 387; x_wconf 85' lang='lat' dir='ltr'>r-e.</span> <span class='ocrx_word' id='word_1_23' title='bbox 463 354 619 387; x_wconf 77' lang='lat' dir='ltr'>immane</span> <span class='ocrx_word' id='word_1_24' title='bbox 649 352 921 390; x_wconf 82' lang='lat' dir='ltr'>Vocabularium</span> <span class='ocrx_word' id='word_1_25' title='bbox 961 364 1125 387; x_wconf 65' lang='lat' dir='ltr'>conzexe-</span> 
     </span>
     <span class='ocr_line' id='line_1_5' title="bbox 365 402 1124 449; baseline 0.001 -12"><span class='ocrx_word' id='word_1_26' title='bbox 365 412 446 446; x_wconf 88' lang='lat' dir='ltr'>ret,</span> <span class='ocrx_word' id='word_1_27' title='bbox 489 403 548 449; x_wconf 88' lang='lat' dir='ltr'>qui</span> <span class='ocrx_word' id='word_1_28' title='bbox 592 402 767 438; x_wconf 86' lang='lat' dir='ltr'>universas</span> <span class='ocrx_word' id='word_1_29' title='bbox 812 403 1013 438; x_wconf 86' lang='lat' dir='ltr'>Italicarum</span> <span class='ocrx_word' id='word_1_30' title='bbox 1055 402 1124 438; x_wconf 90' lang='lat' dir='ltr'>Ur-</span> 
     </span>
     <span class='ocr_line' id='line_1_6' title="bbox 363 453 1123 502; baseline 0.003 -15"><span class='ocrx_word' id='word_1_31' title='bbox 363 453 462 488; x_wconf 87' lang='lat' dir='ltr'><strong>bium</strong></span> <span class='ocrx_word' id='word_1_32' title='bbox 492 453 530 490; x_wconf 83' lang='lat'>&amp;</span> <span class='ocrx_word' id='word_1_33' title='bbox 562 454 773 502; x_wconf 86' lang='lat' dir='ltr'>Populorum</span> <span class='ocrx_word' id='word_1_34' title='bbox 804 467 906 489; x_wconf 84' lang='lat' dir='ltr'>voces</span> <span class='ocrx_word' id='word_1_35' title='bbox 942 454 979 490; x_wconf 90' lang='lat' dir='ltr'>in</span> <span class='ocrx_word' id='word_1_36' title='bbox 1018 467 1123 490; x_wconf 89' lang='lat' dir='ltr'>unum</span> 
     </span>
     <span class='ocr_line' id='line_1_7' title="bbox 364 514 531 552; baseline 0.006 -13"><span class='ocrx_word' id='word_1_37' title='bbox 364 514 505 552; x_wconf 81' lang='lat' dir='ltr'>cogeret</span> <span class='ocrx_word' id='word_1_38' title='bbox 522 531 531 540; x_wconf 88' lang='lat'><strong>.</strong></span> 
     </span>
    </p>

    <p class='ocr_par' dir='ltr' id='par_1_4' title="bbox 346 554 1121 2583">
     <span class='ocr_line' id='line_1_8' title="bbox 413 554 1120 603; baseline 0.001 -14"><span class='ocrx_word' id='word_1_39' title='bbox 413 557 460 590; x_wconf 84' lang='lat' dir='ltr'>Et</span> <span class='ocrx_word' id='word_1_40' title='bbox 494 554 608 603; x_wconf 89' lang='lat' dir='ltr'>primo</span> <span class='ocrx_word' id='word_1_41' title='bbox 644 555 781 602; x_wconf 75' lang='lat' dir='ltr'>op³nari</span> <span class='ocrx_word' id='word_1_42' title='bbox 821 554 911 603; x_wconf 81' lang='lat' dir='ltr'>poffe</span> <span class='ocrx_word' id='word_1_43' title='bbox 948 555 1036 590; x_wconf 87' lang='lat' dir='ltr'>mihi</span> <span class='ocrx_word' id='word_1_44' title='bbox 1069 556 1120 591; x_wconf 91' lang='lat' dir='ltr'>vi-</span> 
     </span>
     <span class='ocr_line' id='line_1_9' title="bbox 359 604 1120 654; baseline 0.003 -15"><span class='ocrx_word' id='word_1_45' title='bbox 359 604 470 648; x_wconf 76' lang='lat' dir='ltr'>deor,</span> <span class='ocrx_word' id='word_1_46' title='bbox 499 607 609 640; x_wconf 86' lang='lat' dir='ltr'>adhuc</span> <span class='ocrx_word' id='word_1_47' title='bbox 639 605 674 639; x_wconf 87' lang='lat' dir='ltr'>in</span> <span class='ocrx_word' id='word_1_48' title='bbox 706 605 827 640; x_wconf 66' lang='lat' dir='ltr'>halica</span> <span class='ocrx_word' id='word_1_49' title='bbox 857 606 1019 653; x_wconf 81' lang='lat' dir='ltr'>Lingua,</span> <span class='ocrx_word' id='word_1_50' title='bbox 1047 606 1120 654; x_wconf 86' lang='lat' dir='ltr'>eju-</span> 
     </span>
     <span class='ocr_line' id='line_1_10' title="bbox 361 655 1119 702; baseline 0.001 -12"><span class='ocrx_word' id='word_1_51' title='bbox 361 655 444 702; x_wconf 79' lang='lat' dir='ltr'>sque</span> <span class='ocrx_word' id='word_1_52' title='bbox 475 656 580 690; x_wconf 82' lang='lat' dir='ltr'>variis</span> <span class='ocrx_word' id='word_1_53' title='bbox 611 655 802 696; x_wconf 63' lang='lat' dir='ltr'>Dmlcstis„</span> <span class='ocrx_word' id='word_1_54' title='bbox 842 657 969 691; x_wconf 87' lang='lat' dir='ltr'>multas</span> <span class='ocrx_word' id='word_1_55' title='bbox 1007 657 1119 692; x_wconf 86' lang='lat' dir='ltr'>conti-</span> 
     </span>
     <span class='ocr_line' id='line_1_11' title="bbox 358 706 1121 753; baseline 0.003 -13"><span class='ocrx_word' id='word_1_56' title='bbox 358 706 435 741; x_wconf 81' lang='lat' dir='ltr'>neri</span> <span class='ocrx_word' id='word_1_57' title='bbox 465 719 593 746; x_wconf 84' lang='lat' dir='ltr'>voces,</span> <span class='ocrx_word' id='word_1_58' title='bbox 622 706 749 753; x_wconf 76' lang='lat' dir='ltr'>quibus</span> <span class='ocrx_word' id='word_1_59' title='bbox 777 716 856 742; x_wconf 84' lang='lat' dir='ltr'>ante</span> <span class='ocrx_word' id='word_1_60' title='bbox 885 709 1121 750; x_wconf 82' lang='lat' dir='ltr'>Latinorum,</span> 
     </span>
     <span class='ocr_line' id='line_1_12' title="bbox 355 755 1119 793; baseline 0.004 -3"><span class='ocrx_word' id='word_1_61' title='bbox 355 755 427 791; x_wconf 86' lang='lat' dir='ltr'>five</span> <span class='ocrx_word' id='word_1_62' title='bbox 467 760 705 792; x_wconf 77' lang='lat' dir='ltr'>Romanorum</span> <span class='ocrx_word' id='word_1_63' title='bbox 748 758 1029 793; x_wconf 77' lang='lat' dir='ltr'>dominationem</span> <span class='ocrx_word' id='word_1_64' title='bbox 1075 758 1119 793; x_wconf 73' lang='lat' dir='ltr'>ufi</span> 
     </span>
     <span class='ocr_line' id='line_1_13' title="bbox 356 806 1116 856; baseline 0.004 -14"><span class='ocrx_word' id='word_1_65' title='bbox 356 806 437 842; x_wconf 75' lang='lat' dir='ltr'>sunt</span> <span class='ocrx_word' id='word_1_66' title='bbox 465 806 699 856; x_wconf 75' lang='lat' dir='ltr'>antiquiffimi</span> <span class='ocrx_word' id='word_1_67' title='bbox 735 807 849 843; x_wconf 59' lang='lat' dir='ltr'>felicis</span> <span class='ocrx_word' id='word_1_68' title='bbox 886 808 986 856; x_wconf 87' lang='lat' dir='ltr'>hujus</span> <span class='ocrx_word' id='word_1_69' title='bbox 1015 810 1116 845; x_wconf 82' lang='lat' dir='ltr'>tellu-</span> 
     </span>
     <span class='ocr_line' id='line_1_14' title="bbox 355 857 1116 897; baseline 0.005 -5"><span class='ocrx_word' id='word_1_70' title='bbox 355 857 404 893; x_wconf 82' lang='lat' dir='ltr'>ris</span> <span class='ocrx_word' id='word_1_71' title='bbox 435 857 589 894; x_wconf 81' lang='lat' dir='ltr'>incolae.</span> <span class='ocrx_word' id='word_1_72' title='bbox 629 859 721 894; x_wconf 86' lang='lat' dir='ltr'>Heic</span> <span class='ocrx_word' id='word_1_73' title='bbox 758 861 851 894; x_wconf 77' lang='lat' dir='ltr'>enirn</span> <span class='ocrx_word' id='word_1_74' title='bbox 882 869 961 894; x_wconf 82' lang='lat' dir='ltr'>ante</span> <span class='ocrx_word' id='word_1_75' title='bbox 993 862 1116 897; x_wconf 79' lang='lat' dir='ltr'>Roma-</span> 
     </span>
     <span class='ocr_line' id='line_1_15' title="bbox 355 910 1117 959; baseline 0.005 -16"><span class='ocrx_word' id='word_1_76' title='bbox 355 920 421 944; x_wconf 81' lang='lat' dir='ltr'>nos</span> <span class='ocrx_word' id='word_1_77' title='bbox 458 910 632 945; x_wconf 72' lang='lat' dir='ltr'>nominati</span> <span class='ocrx_word' id='word_1_78' title='bbox 671 910 748 945; x_wconf 85' lang='lat' dir='ltr'>sunt</span> <span class='ocrx_word' id='word_1_79' title='bbox 786 910 1001 946; x_wconf 65' lang='lat' dir='ltr'>vetustsffimi</span> <span class='ocrx_word' id='word_1_80' title='bbox 1040 912 1117 959; x_wconf 90' lang='lat' dir='ltr'>qui-</span> 
     </span>
     <span class='ocr_line' id='line_1_16' title="bbox 353 958 1119 1009; baseline 0.004 -15"><span class='ocrx_word' id='word_1_81' title='bbox 353 958 435 994; x_wconf 79' lang='lat' dir='ltr'>tiam</span> <span class='ocrx_word' id='word_1_82' title='bbox 466 960 614 1008; x_wconf 87' lang='lat' dir='ltr'>populi,</span> <span class='ocrx_word' id='word_1_83' title='bbox 654 961 862 1009; x_wconf 79' lang='lat' dir='ltr'>Indigenae,</span> <span class='ocrx_word' id='word_1_84' title='bbox 902 961 1119 1002; x_wconf 88' lang='lat' dir='ltr'>Phoenices,</span> 
     </span>
     <span class='ocr_line' id='line_1_17' title="bbox 353 1009 1118 1060; baseline 0.007 -16"><span class='ocrx_word' id='word_1_85' title='bbox 353 1009 525 1050; x_wconf 71' lang='lat' dir='ltr'>Etrusci,</span> <span class='ocrx_word' id='word_1_86' title='bbox 552 1012 707 1056; x_wconf 83' lang='lat' dir='ltr'>Heneti,</span> <span class='ocrx_word' id='word_1_87' title='bbox 736 1013 906 1060; x_wconf 77' lang='lat' dir='ltr'>Ligures,</span> <span class='ocrx_word' id='word_1_88' title='bbox 934 1013 1054 1055; x_wconf 79' lang='lat' dir='ltr'>Galli,</span> <span class='ocrx_word' id='word_1_89' title='bbox 1083 1027 1118 1049; x_wconf 83' lang='lat' dir='ltr'>a-</span> 
     </span>
     <span class='ocr_line' id='line_1_18' title="bbox 357 1060 1117 1111; baseline 0.005 -16"><span class='ocrx_word' id='word_1_90' title='bbox 357 1060 496 1109; x_wconf 81' lang='lat' dir='ltr'>liaeque</span> <span class='ocrx_word' id='word_1_91' title='bbox 523 1072 643 1110; x_wconf 82' lang='lat' dir='ltr'>gentes</span> <span class='ocrx_word' id='word_1_92' title='bbox 662 1091 670 1099; x_wconf 84' lang='lat'>.</span> <span class='ocrx_word' id='word_1_93' title='bbox 702 1063 743 1098; x_wconf 83' lang='lat' dir='ltr'>de</span> <span class='ocrx_word' id='word_1_94' title='bbox 773 1064 899 1110; x_wconf 84' lang='lat' dir='ltr'>quibus</span> <span class='ocrx_word' id='word_1_95' title='bbox 927 1063 1000 1111; x_wconf 84' lang='lat' dir='ltr'>egit</span> <span class='ocrx_word' id='word_1_96' title='bbox 1027 1062 1117 1099; x_wconf 80' lang='lat' dir='ltr'>Clu-</span> 
     </span>
     <span class='ocr_line' id='line_1_19' title="bbox 354 1111 1114 1160; baseline 0.004 -14"><span class='ocrx_word' id='word_1_97' title='bbox 354 1111 472 1146; x_wconf 76' lang='lat' dir='ltr'>verius</span> <span class='ocrx_word' id='word_1_98' title='bbox 494 1112 531 1146; x_wconf 91' lang='lat' dir='ltr'>in</span> <span class='ocrx_word' id='word_1_99' title='bbox 554 1113 656 1147; x_wconf 87' lang='lat' dir='ltr'>Italia</span> <span class='ocrx_word' id='word_1_100' title='bbox 677 1113 754 1147; x_wconf 87' lang='lat' dir='ltr'>sua.</span> <span class='ocrx_word' id='word_1_101' title='bbox 783 1115 956 1148; x_wconf 83' lang='lat' dir='ltr'>Incertum</span> <span class='ocrx_word' id='word_1_102' title='bbox 971 1141 979 1155; x_wconf 94' lang='lat'>‚</span> <span class='ocrx_word' id='word_1_103' title='bbox 1008 1127 1114 1160; x_wconf 85' lang='lat' dir='ltr'>quan-</span> 
     </span>
     <span class='ocr_line' id='line_1_20' title="bbox 356 1162 1116 1212; baseline 0.004 -16"><span class='ocrx_word' id='word_1_104' title='bbox 356 1169 432 1196; x_wconf 88' lang='lat' dir='ltr'>tum</span> <span class='ocrx_word' id='word_1_105' title='bbox 463 1175 480 1197; x_wconf 86' lang='lat' dir='ltr'>a</span> <span class='ocrx_word' id='word_1_106' title='bbox 513 1162 637 1198; x_wconf 82' lang='lat' dir='ltr'>Latina</span> <span class='ocrx_word' id='word_1_107' title='bbox 676 1163 816 1212; x_wconf 79' lang='lat' dir='ltr'>Lingua</span> <span class='ocrx_word' id='word_1_108' title='bbox 854 1162 1029 1199; x_wconf 85' lang='lat' dir='ltr'>diffideret</span> <span class='ocrx_word' id='word_1_109' title='bbox 1059 1167 1116 1199; x_wconf 89' lang='lat' dir='ltr'>Sa-</span> 
     </span>
     <span class='ocr_line' id='line_1_21' title="bbox 356 1211 1116 1261; baseline 0.004 -14"><span class='ocrx_word' id='word_1_110' title='bbox 356 1211 462 1255; x_wconf 81' lang='lat' dir='ltr'>bina,</span> <span class='ocrx_word' id='word_1_111' title='bbox 492 1211 547 1247; x_wconf 92' lang='lat' dir='ltr'>seu</span> <span class='ocrx_word' id='word_1_112' title='bbox 576 1213 745 1256; x_wconf 78' lang='lat' dir='ltr'>Etrusca,</span> <span class='ocrx_word' id='word_1_113' title='bbox 774 1213 932 1261; x_wconf 87' lang='lat' dir='ltr'>aliaeque</span> <span class='ocrx_word' id='word_1_114' title='bbox 960 1214 995 1249; x_wconf 93' lang='lat' dir='ltr'>in</span> <span class='ocrx_word' id='word_1_115' title='bbox 1025 1215 1116 1251; x_wconf 86' lang='lat' dir='ltr'>anti-</span> 
     </span>
     <span class='ocr_line' id='line_1_22' title="bbox 354 1264 1115 1309; baseline 0.005 -12"><span class='ocrx_word' id='word_1_116' title='bbox 354 1275 506 1309; x_wconf 71' lang='lat' dir='ltr'>quorum</span> <span class='ocrx_word' id='word_1_117' title='bbox 537 1264 655 1299; x_wconf 81' lang='lat' dir='ltr'><strong>Libris</strong></span> <span class='ocrx_word' id='word_1_118' title='bbox 685 1274 921 1300; x_wconf 83' lang='lat' dir='ltr'>memoratae.</span> <span class='ocrx_word' id='word_1_119' title='bbox 952 1265 1115 1301; x_wconf 83' lang='lat' dir='ltr'>Aliarum</span> 
     </span>
     <span class='ocr_line' id='line_1_23' title="bbox 353 1313 1115 1362; baseline 0.004 -14"><span class='ocrx_word' id='word_1_120' title='bbox 353 1313 578 1362; x_wconf 83' lang='lat' dir='ltr'>Linguarum</span> <span class='ocrx_word' id='word_1_121' title='bbox 607 1324 699 1351; x_wconf 89' lang='lat' dir='ltr'>certe</span> <span class='ocrx_word' id='word_1_122' title='bbox 727 1316 940 1350; x_wconf 85' lang='lat' dir='ltr'>diversarum</span> <span class='ocrx_word' id='word_1_123' title='bbox 968 1329 985 1350; x_wconf 87' lang='lat' dir='ltr'>a</span> <span class='ocrx_word' id='word_1_124' title='bbox 1016 1317 1115 1351; x_wconf 81' lang='lat' dir='ltr'>Lati-</span> 
     </span>
     <span class='ocr_line' id='line_1_24' title="bbox 354 1365 1116 1413; baseline 0.003 -15"><span class='ocrx_word' id='word_1_125' title='bbox 354 1377 422 1408; x_wconf 82' lang='lat' dir='ltr'>na,</span> <span class='ocrx_word' id='word_1_126' title='bbox 452 1366 598 1413; x_wconf 86' lang='lat' dir='ltr'>populos</span> <span class='ocrx_word' id='word_1_127' title='bbox 629 1378 700 1400; x_wconf 91' lang='lat' dir='ltr'>non</span> <span class='ocrx_word' id='word_1_128' title='bbox 730 1379 855 1412; x_wconf 86' lang='lat' dir='ltr'>paucos</span> <span class='ocrx_word' id='word_1_129' title='bbox 883 1365 1116 1401; x_wconf 84' lang='lat' dir='ltr'>vetustiffimis</span> 
     </span>
     <span class='ocr_line' id='line_1_25' title="bbox 352 1415 1114 1463; baseline 0.001 -13"><span class='ocrx_word' id='word_1_130' title='bbox 352 1415 399 1450; x_wconf 76' lang='lat' dir='ltr'>iis</span> <span class='ocrx_word' id='word_1_131' title='bbox 437 1416 568 1451; x_wconf 74' lang='lat' dir='ltr'>seculis</span> <span class='ocrx_word' id='word_1_132' title='bbox 609 1416 711 1451; x_wconf 83' lang='lat' dir='ltr'>ltalia</span> <span class='ocrx_word' id='word_1_133' title='bbox 749 1415 924 1460; x_wconf 79' lang='lat' dir='ltr'>nutrivit,</span> <span class='ocrx_word' id='word_1_134' title='bbox 966 1429 1114 1463; x_wconf 87' lang='lat' dir='ltr'>quorum</span> 
     </span>
     <span class='ocr_line' id='line_1_26' title="bbox 351 1465 1115 1511; baseline 0.004 -11"><span class='ocrx_word' id='word_1_135' title='bbox 351 1466 525 1502; x_wconf 73' lang='lat' dir='ltr'>vocabula</span> <span class='ocrx_word' id='word_1_136' title='bbox 562 1465 681 1501; x_wconf 87' lang='lat' dir='ltr'>omnia</span> <span class='ocrx_word' id='word_1_137' title='bbox 720 1466 910 1511; x_wconf 70' lang='lat' dir='ltr'>exsulasse,</span> <span class='ocrx_word' id='word_1_138' title='bbox 948 1480 986 1501; x_wconf 84' lang='lat' dir='ltr'>ac</span> <span class='ocrx_word' id='word_1_139' title='bbox 1023 1467 1115 1503; x_wconf 85' lang='lat' dir='ltr'>defe-</span> 
     </span>
     <span class='ocr_line' id='line_1_27' title="bbox 352 1516 1116 1565; baseline 0.004 -14"><span class='ocrx_word' id='word_1_140' title='bbox 352 1516 458 1555; x_wconf 73' lang='lat' dir='ltr'>cisse,</span> <span class='ocrx_word' id='word_1_141' title='bbox 487 1516 664 1564; x_wconf 83' lang='lat' dir='ltr'>postquam</span> <span class='ocrx_word' id='word_1_142' title='bbox 697 1518 934 1553; x_wconf 82' lang='lat' dir='ltr'>Romanorum</span> <span class='ocrx_word' id='word_1_143' title='bbox 965 1517 1116 1565; x_wconf 85' lang='lat' dir='ltr'>imperio</span> 
     </span>
     <span class='ocr_line' id='line_1_28' title="bbox 351 1567 1114 1614; baseline 0.003 -13"><span class='ocrx_word' id='word_1_144' title='bbox 351 1575 429 1601; x_wconf 70' lang='lat' dir='ltr'>tora</span> <span class='ocrx_word' id='word_1_145' title='bbox 468 1567 571 1602; x_wconf 87' lang='lat' dir='ltr'>Italia</span> <span class='ocrx_word' id='word_1_146' title='bbox 609 1567 743 1614; x_wconf 56' lang='lat' dir='ltr'>adjefiia</span> <span class='ocrx_word' id='word_1_147' title='bbox 785 1568 850 1610; x_wconf 84' lang='lat' dir='ltr'>est,</span> <span class='ocrx_word' id='word_1_148' title='bbox 889 1568 1036 1603; x_wconf 78' lang='lat' dir='ltr'>difficile</span> <span class='ocrx_word' id='word_1_149' title='bbox 1074 1570 1114 1604; x_wconf 86' lang='lat' dir='ltr'>ad</span> 
     </span>
     <span class='ocr_line' id='line_1_29' title="bbox 350 1617 1115 1667; baseline 0.004 -15"><span class='ocrx_word' id='word_1_150' title='bbox 350 1617 559 1652; x_wconf 81' lang='lat' dir='ltr'>credendum</span> <span class='ocrx_word' id='word_1_151' title='bbox 599 1618 770 1661; x_wconf 81' lang='lat' dir='ltr'>adducar,</span> <span class='ocrx_word' id='word_1_152' title='bbox 809 1618 862 1654; x_wconf 87' lang='lat' dir='ltr'>uti</span> <span class='ocrx_word' id='word_1_153' title='bbox 904 1618 941 1654; x_wconf 91' lang='lat' dir='ltr'>in</span> <span class='ocrx_word' id='word_1_154' title='bbox 979 1633 1115 1667; x_wconf 87' lang='lat' dir='ltr'>praece-</span> 
     </span>
     <span class='ocr_line' id='line_1_30' title="bbox 349 1666 1113 1719; baseline 0.005 -16"><span class='ocrx_word' id='word_1_155' title='bbox 349 1666 448 1704; x_wconf 83' lang='lat' dir='ltr'>denti</span> <span class='ocrx_word' id='word_1_156' title='bbox 492 1668 743 1705; x_wconf 82' lang='lat' dir='ltr'>Differtatione</span> <span class='ocrx_word' id='word_1_157' title='bbox 787 1670 856 1719; x_wconf 83' lang='lat' dir='ltr'>jam</span> <span class='ocrx_word' id='word_1_158' title='bbox 896 1670 1022 1707; x_wconf 90' lang='lat' dir='ltr'>innui.</span> <span class='ocrx_word' id='word_1_159' title='bbox 1059 1673 1113 1707; x_wconf 84' lang='lat' dir='ltr'>Ex</span> 
     </span>
     <span class='ocr_line' id='line_1_31' title="bbox 347 1717 1114 1769; baseline 0.005 -15"><span class='ocrx_word' id='word_1_160' title='bbox 347 1717 397 1755; x_wconf 85' lang='lat' dir='ltr'>iis</span> <span class='ocrx_word' id='word_1_161' title='bbox 426 1719 607 1755; x_wconf 83' lang='lat' dir='ltr'>vocabulis</span> <span class='ocrx_word' id='word_1_162' title='bbox 636 1733 696 1756; x_wconf 88' lang='lat' dir='ltr'>cur</span> <span class='ocrx_word' id='word_1_163' title='bbox 723 1720 850 1769; x_wconf 84' lang='lat' dir='ltr'>quaeso</span> <span class='ocrx_word' id='word_1_164' title='bbox 871 1721 1031 1769; x_wconf 80' lang='lat' dir='ltr'>aliquot,</span> <span class='ocrx_word' id='word_1_165' title='bbox 1055 1732 1114 1758; x_wconf 90' lang='lat' dir='ltr'>aut</span> 
     </span>
     <span class='ocr_line' id='line_1_32' title="bbox 349 1770 1113 1819; baseline 0.007 -15"><span class='ocrx_word' id='word_1_166' title='bbox 349 1770 460 1805; x_wconf 78' lang='lat' dir='ltr'>etiam</span> <span class='ocrx_word' id='word_1_167' title='bbox 490 1771 602 1806; x_wconf 87' lang='lat' dir='ltr'>multa</span> <span class='ocrx_word' id='word_1_168' title='bbox 631 1784 701 1806; x_wconf 90' lang='lat' dir='ltr'>non</span> <span class='ocrx_word' id='word_1_169' title='bbox 744 1771 909 1819; x_wconf 72' lang='lat' dir='ltr'>supersint</span> <span class='ocrx_word' id='word_1_170' title='bbox 936 1773 1047 1809; x_wconf 87' lang='lat' dir='ltr'>adhuc</span> <span class='ocrx_word' id='word_1_171' title='bbox 1076 1774 1113 1810; x_wconf 89' lang='lat' dir='ltr'>in</span> 
     </span>
     <span class='ocr_line' id='line_1_33' title="bbox 350 1820 1113 1870; baseline 0.008 -15"><span class='ocrx_word' id='word_1_172' title='bbox 350 1820 533 1855; x_wconf 79' lang='lat' dir='ltr'>communi</span> <span class='ocrx_word' id='word_1_173' title='bbox 562 1821 691 1857; x_wconf 79' lang='lat' dir='ltr'>Italica</span> <span class='ocrx_word' id='word_1_174' title='bbox 714 1822 875 1870; x_wconf 81' lang='lat' dir='ltr'><strong>Lingua,</strong></span> <span class='ocrx_word' id='word_1_175' title='bbox 905 1833 963 1858; x_wconf 83' lang='lat' dir='ltr'>aut</span> <span class='ocrx_word' id='word_1_176' title='bbox 991 1824 1113 1861; x_wconf 86' lang='lat' dir='ltr'>saltem</span> 
     </span>
     <span class='ocr_line' id='line_1_34' title="bbox 349 1869 1112 1911; baseline 0.007 -5"><span class='ocrx_word' id='word_1_177' title='bbox 349 1869 390 1906; x_wconf 75' lang='lat' dir='ltr'>in</span> <span class='ocrx_word' id='word_1_178' title='bbox 417 1870 517 1907; x_wconf 83' lang='lat' dir='ltr'>illius</span> <span class='ocrx_word' id='word_1_179' title='bbox 544 1872 651 1909; x_wconf 86' lang='lat' dir='ltr'>variis</span> <span class='ocrx_word' id='word_1_180' title='bbox 683 1873 890 1909; x_wconf 70' lang='lat' dir='ltr'>Dialeffis?</span> <span class='ocrx_word' id='word_1_181' title='bbox 929 1876 1112 1911; x_wconf 85' lang='lat' dir='ltr'>Montium</span> 
     </span>
     <span class='ocr_line' id='line_1_35' title="bbox 349 1920 1114 1969; baseline 0.008 -13"><span class='ocrx_word' id='word_1_182' title='bbox 349 1920 555 1969; x_wconf 72' lang='lat' dir='ltr'>praesertim</span> <span class='ocrx_word' id='word_1_183' title='bbox 597 1923 735 1959; x_wconf 77' lang='lat' dir='ltr'>incolae</span> <span class='ocrx_word' id='word_1_184' title='bbox 772 1937 814 1960; x_wconf 87' lang='lat' dir='ltr'>ex</span> <span class='ocrx_word' id='word_1_185' title='bbox 852 1924 906 1960; x_wconf 82' lang='lat' dir='ltr'>his</span> <span class='ocrx_word' id='word_1_186' title='bbox 943 1928 1114 1962; x_wconf 86' lang='lat' dir='ltr'>nonnulla</span> 
     </span>
     <span class='ocr_line' id='line_1_36' title="bbox 349 1971 1114 2023; baseline 0.008 -15"><span class='ocrx_word' id='word_1_187' title='bbox 349 1971 547 2018; x_wconf 80' lang='lat' dir='ltr'>servarint,</span> <span class='ocrx_word' id='word_1_188' title='bbox 575 1988 614 2010; x_wconf 87' lang='lat' dir='ltr'>ac</span> <span class='ocrx_word' id='word_1_189' title='bbox 636 1974 818 2023; x_wconf 79' lang='lat' dir='ltr'>praecipue</span> <span class='ocrx_word' id='word_1_190' title='bbox 842 1976 989 2012; x_wconf 82' lang='lat' dir='ltr'>nomina</span> <span class='ocrx_word' id='word_1_191' title='bbox 1009 1992 1114 2023; x_wconf 84' lang='lat' dir='ltr'>quae—</span> 
     </span>
     <span class='ocr_line' id='line_1_37' title="bbox 350 2023 1113 2070; baseline 0.008 -12"><span class='ocrx_word' id='word_1_192' title='bbox 350 2023 431 2058; x_wconf 85' lang='lat' dir='ltr'>dam</span> <span class='ocrx_word' id='word_1_193' title='bbox 476 2024 621 2060; x_wconf 86' lang='lat' dir='ltr'>Artium</span> <span class='ocrx_word' id='word_1_194' title='bbox 662 2026 872 2070; x_wconf 74' lang='lat' dir='ltr'>necessaria,</span> <span class='ocrx_word' id='word_1_195' title='bbox 915 2026 952 2064; x_wconf 84' lang='lat'>&amp;</span> <span class='ocrx_word' id='word_1_196' title='bbox 996 2028 1113 2064; x_wconf 78' lang='lat' dir='ltr'>flumi-</span> 
     </span>
     <span class='ocr_line' id='line_1_38' title="bbox 349 2076 1112 2126; baseline 0.009 -17"><span class='ocrx_word' id='word_1_197' title='bbox 349 2087 435 2109; x_wconf 85' lang='lat' dir='ltr'>num</span> <span class='ocrx_word' id='word_1_198' title='bbox 456 2076 489 2110; x_wconf 89' lang='lat'>&amp;</span> <span class='ocrx_word' id='word_1_199' title='bbox 518 2077 696 2113; x_wconf 87' lang='lat' dir='ltr'>locorum.</span> <span class='ocrx_word' id='word_1_200' title='bbox 725 2077 892 2126; x_wconf 85' lang='lat' dir='ltr'>Exempli</span> <span class='ocrx_word' id='word_1_201' title='bbox 913 2079 1027 2115; x_wconf 70' lang='lat' dir='ltr'>caussa</span> <span class='ocrx_word' id='word_1_202' title='bbox 1049 2079 1112 2116; x_wconf 86' lang='lat' dir='ltr'>flu·</span> 
     </span>
     <span class='ocr_line' id='line_1_39' title="bbox 348 2124 1112 2166; baseline 0.008 -6"><span class='ocrx_word' id='word_1_203' title='bbox 348 2124 491 2161; x_wconf 75' lang='lat' dir='ltr'>viorum</span> <span class='ocrx_word' id='word_1_204' title='bbox 538 2129 613 2163; x_wconf 86' lang='lat' dir='ltr'>Rex</span> <span class='ocrx_word' id='word_1_205' title='bbox 664 2128 835 2164; x_wconf 77' lang='lat' dir='ltr'>Eridanus</span> <span class='ocrx_word' id='word_1_206' title='bbox 877 2142 968 2165; x_wconf 90' lang='lat' dir='ltr'>nunc</span> <span class='ocrx_word' id='word_1_207' title='bbox 1011 2132 1112 2166; x_wconf 82' lang='lat' dir='ltr'>nobis</span> 
     </span>
     <span class='ocr_line' id='line_1_40' title="bbox 347 2177 1111 2229; baseline 0.01 -19"><span class='ocrx_word' id='word_1_208' title='bbox 347 2177 546 2223; x_wconf 83' lang='lat' dir='ltr'>appellatur</span> <span class='ocrx_word' id='word_1_209' title='bbox 573 2179 598 2211; x_wconf 84' lang='lat' dir='ltr'>il</span> <span class='ocrx_word' id='word_1_210' title='bbox 629 2181 690 2213; x_wconf 82' lang='grc' dir='ltr'>Ρὸ.</span> <span class='ocrx_word' id='word_1_211' title='bbox 717 2180 843 2213; x_wconf 77' lang='lat' dir='ltr'>Padum</span> <span class='ocrx_word' id='word_1_212' title='bbox 871 2180 1111 2229; x_wconf 65' lang='lat' dir='ltr'>Latini&#39;&#39;qu0—</span> 
     </span>
     <span class='ocr_line' id='line_1_41' title="bbox 347 2226 1111 2276; baseline 0.012 -16"><span class='ocrx_word' id='word_1_213' title='bbox 347 2238 417 2272; x_wconf 82' lang='lat' dir='ltr'>que</span> <span class='ocrx_word' id='word_1_214' title='bbox 457 2226 597 2263; x_wconf 76' lang='lat' dir='ltr'>dixere.</span> <span class='ocrx_word' id='word_1_215' title='bbox 644 2229 755 2276; x_wconf 83' lang='lat' dir='ltr'>Atqui</span> <span class='ocrx_word' id='word_1_216' title='bbox 799 2243 926 2266; x_wconf 89' lang='lat' dir='ltr'>nomen</span> <span class='ocrx_word' id='word_1_217' title='bbox 970 2232 1054 2268; x_wconf 87' lang='lat' dir='ltr'>istud</span> <span class='ocrx_word' id='word_1_218' title='bbox 1092 2246 1111 2268; x_wconf 87' lang='lat' dir='ltr'>a</span> 
     </span>
     <span class='ocr_line' id='line_1_42' title="bbox 347 2277 1110 2327; baseline 0.01 -15"><span class='ocrx_word' id='word_1_219' title='bbox 347 2277 486 2324; x_wconf 81' lang='lat' dir='ltr'>Gallis,</span> <span class='ocrx_word' id='word_1_220' title='bbox 514 2287 574 2314; x_wconf 86' lang='lat' dir='ltr'>aut</span> <span class='ocrx_word' id='word_1_221' title='bbox 603 2278 794 2327; x_wconf 74' lang='lat' dir='ltr'>Liguribus</span> <span class='ocrx_word' id='word_1_222' title='bbox 823 2291 902 2317; x_wconf 80' lang='lat' dir='ltr'>ante</span> <span class='ocrx_word' id='word_1_223' title='bbox 933 2286 1110 2320; x_wconf 77' lang='lat' dir='ltr'>Romanos</span> 
     </span>
     <span class='ocr_line' id='line_1_43' title="bbox 347 2327 1110 2378; baseline 0.008 -13"><span class='ocrx_word' id='word_1_224' title='bbox 347 2327 386 2365; x_wconf 70' lang='lat' dir='ltr'>in</span> <span class='ocrx_word' id='word_1_225' title='bbox 415 2329 478 2365; x_wconf 86' lang='lat' dir='ltr'>hac</span> <span class='ocrx_word' id='word_1_226' title='bbox 507 2330 578 2378; x_wconf 87' lang='lat' dir='ltr'>ipsa</span> <span class='ocrx_word' id='word_1_227' title='bbox 600 2330 741 2378; x_wconf 84' lang='lat' dir='ltr'>regione</span> <span class='ocrx_word' id='word_1_228' title='bbox 766 2334 1011 2375; x_wconf 68' lang='lat' dir='ltr'>regnantibus,</span> <span class='ocrx_word' id='word_1_229' title='bbox 1041 2334 1110 2370; x_wconf 87' lang='lat' dir='ltr'>im-</span> 
     </span>
     <span class='ocr_line' id='line_1_44' title="bbox 348 2379 1110 2429; baseline 0.009 -15"><span class='ocrx_word' id='word_1_230' title='bbox 348 2379 499 2429; x_wconf 81' lang='lat' dir='ltr'>politum</span> <span class='ocrx_word' id='word_1_231' title='bbox 542 2380 660 2420; x_wconf 75' lang='lat' dir='ltr'>fuisse,</span> <span class='ocrx_word' id='word_1_232' title='bbox 705 2391 836 2418; x_wconf 85' lang='lat' dir='ltr'>veteres</span> <span class='ocrx_word' id='word_1_233' title='bbox 873 2385 979 2420; x_wconf 86' lang='lat' dir='ltr'>etiam</span> <span class='ocrx_word' id='word_1_234' title='bbox 1018 2387 1110 2421; x_wconf 79' lang='lat' dir='ltr'>arbi-</span> 
     </span>
     <span class='ocr_line' id='line_1_45' title="bbox 347 2432 1108 2473; baseline 0.008 -6"><span class='ocrx_word' id='word_1_235' title='bbox 347 2432 434 2468; x_wconf 81' lang='lat' dir='ltr'>trati</span> <span class='ocrx_word' id='word_1_236' title='bbox 476 2432 578 2469; x_wconf 91' lang='lat' dir='ltr'>sunt.</span> <span class='ocrx_word' id='word_1_237' title='bbox 610 2432 766 2468; x_wconf 80' lang='lat' dir='ltr'>Plinium</span> <span class='ocrx_word' id='word_1_238' title='bbox 805 2434 883 2470; x_wconf 81' lang='lat' dir='ltr'>audi</span> <span class='ocrx_word' id='word_1_239' title='bbox 923 2437 1005 2471; x_wconf 76' lang='lat' dir='ltr'>Lib.</span> <span class='ocrx_word' id='word_1_240' title='bbox 1044 2437 1108 2473; x_wconf 81' lang='lat' dir='ltr'><strong>III.</strong></span> 
     </span>
     <span class='ocr_line' id='line_1_46' title="bbox 348 2484 1109 2534; baseline 0.003 -15"><span class='ocrx_word' id='word_1_241' title='bbox 348 2484 436 2532; x_wconf 79' lang='lat' dir='ltr'>Gap.</span> <span class='ocrx_word' id='word_1_242' title='bbox 462 2485 518 2520; x_wconf 86' lang='lat'>16.</span> <span class='ocrx_word' id='word_1_243' title='bbox 541 2487 737 2518; x_wconf 81' lang='lat' dir='ltr'>Metrodorus</span> <span class='ocrx_word' id='word_1_244' title='bbox 753 2485 891 2532; x_wconf 68' lang='lat' dir='ltr'>Scepsius</span> <span class='ocrx_word' id='word_1_245' title='bbox 913 2488 1013 2529; x_wconf 74' lang='lat' dir='ltr'>dicit,</span> <span class='ocrx_word' id='word_1_246' title='bbox 1034 2501 1109 2534; x_wconf 72' lang='lat' dir='ltr'>quo-</span> 
     </span>
     <span class='ocr_line' id='line_1_47' title="bbox 346 2534 1106 2583; baseline 0.007 -13"><span class='ocrx_word' id='word_1_247' title='bbox 346 2534 434 2570; x_wconf 80' lang='lat' dir='ltr'>niam</span> <span class='ocrx_word' id='word_1_248' title='bbox 462 2536 541 2572; x_wconf 74' lang='lat' dir='ltr'>circa</span> <span class='ocrx_word' id='word_1_249' title='bbox 568 2535 689 2581; x_wconf 66' lang='lat' dir='ltr'>flantem</span> <span class='ocrx_word' id='word_1_250' title='bbox 723 2535 816 2574; x_wconf 74' lang='lat' dir='ltr'>arbor</span> <span class='ocrx_word' id='word_1_251' title='bbox 841 2539 943 2574; x_wconf 78' lang='lat' dir='ltr'>multa</span> <span class='ocrx_word' id='word_1_252' title='bbox 971 2538 1017 2581; x_wconf 66' lang='lat' dir='ltr'>fit</span> <span class='ocrx_word' id='word_1_253' title='bbox 1052 2538 1106 2583; x_wconf 76' lang='lat' dir='ltr'>pi-</span> 
     </span>
    </p>
   </div>
   <div class='ocr_carea' id='block_1_4' title="bbox 1231 302 1996 705">
    <p class='ocr_par' dir='ltr' id='par_1_5' title="bbox 1231 302 1996 705">
     <span class='ocr_line' id='line_1_48' title="bbox 1233 302 1996 356; baseline 0.012 -21"><span class='ocrx_word' id='word_1_254' title='bbox 1233 302 1307 335; x_wconf 83' lang='lat' dir='ltr'>dum</span> <span class='ocrx_word' id='word_1_255' title='bbox 1334 303 1386 337; x_wconf 84' lang='lat' dir='ltr'>hoc</span> <span class='ocrx_word' id='word_1_256' title='bbox 1413 317 1518 338; x_wconf 84' lang='lat' dir='ltr'>nomen</span> <span class='ocrx_word' id='word_1_257' title='bbox 1546 304 1705 351; x_wconf 80' lang='lat' dir='ltr'>accepiffe.</span> <span class='ocrx_word' id='word_1_258' title='bbox 1732 307 1887 350; x_wconf 70' lang='lat' dir='ltr'>Ligurum</span> <span class='ocrx_word' id='word_1_259' title='bbox 1923 310 1996 356; x_wconf 79' lang='lat' dir='ltr'>qui-</span> 
     </span>
     <span class='ocr_line' id='line_1_49' title="bbox 1232 353 1995 399; baseline 0.012 -13"><span class='ocrx_word' id='word_1_260' title='bbox 1232 353 1301 386; x_wconf 84' lang='lat' dir='ltr'>dem</span> <span class='ocrx_word' id='word_1_261' title='bbox 1329 357 1458 399; x_wconf 70' lang='lat' dir='ltr'>Lingud</span> <span class='ocrx_word' id='word_1_262' title='bbox 1484 370 1604 390; x_wconf 83' lang='lat' dir='ltr'>amnem</span> <span class='ocrx_word' id='word_1_263' title='bbox 1631 357 1710 391; x_wconf 75' lang='lat' dir='ltr'>hunc</span> <span class='ocrx_word' id='word_1_264' title='bbox 1735 359 1909 392; x_wconf 85' lang='lat' dir='ltr'>Bodincum</span> <span class='ocrx_word' id='word_1_265' title='bbox 1935 374 1995 394; x_wconf 71' lang='lat' dir='ltr'>vo-</span> 
     </span>
     <span class='ocr_line' id='line_1_50' title="bbox 1232 404 1994 458; baseline 0.014 -22"><span class='ocrx_word' id='word_1_266' title='bbox 1232 404 1316 439; x_wconf 84' lang='lat' dir='ltr'>cari.</span> <span class='ocrx_word' id='word_1_267' title='bbox 1356 407 1393 439; x_wconf 81' lang='lat' dir='ltr'>[n</span> <span class='ocrx_word' id='word_1_268' title='bbox 1434 419 1518 442; x_wconf 90' lang='lat' dir='ltr'>voce</span> <span class='ocrx_word' id='word_1_269' title='bbox 1555 408 1739 448; x_wconf 77' lang='lat' dir='ltr'>Bodincus,</span> <span class='ocrx_word' id='word_1_270' title='bbox 1777 408 1797 442; x_wconf 78' lang='lat' dir='ltr'>si</span> <span class='ocrx_word' id='word_1_271' title='bbox 1834 411 1872 444; x_wconf 90' lang='lat' dir='ltr'>B.</span> <span class='ocrx_word' id='word_1_272' title='bbox 1903 409 1994 458; x_wconf 87' lang='lat' dir='ltr'>pres-</span> 
     </span>
     <span class='ocr_line' id='line_1_51' title="bbox 1233 452 1995 506; baseline 0.012 -18"><span class='ocrx_word' id='word_1_273' title='bbox 1233 452 1295 488; x_wconf 86' lang='lat' dir='ltr'>fius</span> <span class='ocrx_word' id='word_1_274' title='bbox 1324 455 1359 489; x_wconf 88' lang='lat' dir='ltr'>in</span> <span class='ocrx_word' id='word_1_275' title='bbox 1391 457 1500 503; x_wconf 88' lang='lat' dir='ltr'>prima</span> <span class='ocrx_word' id='word_1_276' title='bbox 1529 457 1658 503; x_wconf 82' lang='lat' dir='ltr'>syllaba</span> <span class='ocrx_word' id='word_1_277' title='bbox 1680 461 1905 506; x_wconf 81' lang='lat' dir='ltr'>pronunties,</span> <span class='ocrx_word' id='word_1_278' title='bbox 1933 462 1995 498; x_wconf 86' lang='lat' dir='ltr'>ha-</span> 
     </span>
     <span class='ocr_line' id='line_1_52' title="bbox 1233 504 1991 554; baseline 0.013 -16"><span class='ocrx_word' id='word_1_279' title='bbox 1233 504 1289 539; x_wconf 87' lang='lat' dir='ltr'>bes</span> <span class='ocrx_word' id='word_1_280' title='bbox 1318 509 1386 539; x_wconf 77' lang='lat' dir='ltr'>Po:</span> <span class='ocrx_word' id='word_1_281' title='bbox 1423 509 1555 554; x_wconf 78' lang='lat' dir='ltr'>reliqua</span> <span class='ocrx_word' id='word_1_282' title='bbox 1597 507 1734 545; x_wconf 82' lang='lat' dir='ltr'>fortaffe</span> <span class='ocrx_word' id='word_1_283' title='bbox 1771 511 1991 548; x_wconf 59' lang='lat' dir='ltr'>exciderint.</span> 
     </span>
     <span class='ocr_line' id='line_1_53' title="bbox 1235 557 1993 605; baseline 0.012 -16"><span class='ocrx_word' id='word_1_284' title='bbox 1235 557 1271 589; x_wconf 92' lang='lat' dir='ltr'>ln</span> <span class='ocrx_word' id='word_1_285' title='bbox 1300 557 1476 592; x_wconf 80' lang='lat' dir='ltr'>Gloffario</span> <span class='ocrx_word' id='word_1_286' title='bbox 1503 557 1726 605; x_wconf 83' lang='lat' dir='ltr'>antiquarum</span> <span class='ocrx_word' id='word_1_287' title='bbox 1752 573 1877 596; x_wconf 90' lang='lat' dir='ltr'>vocum</span> <span class='ocrx_word' id='word_1_288' title='bbox 1908 564 1993 598; x_wconf 83' lang='lat' dir='ltr'>Cel-</span> 
     </span>
     <span class='ocr_line' id='line_1_54' title="bbox 1231 606 1992 652; baseline 0.009 -13"><span class='ocrx_word' id='word_1_289' title='bbox 1231 606 1381 641; x_wconf 81' lang='lat' dir='ltr'>ticarum</span> <span class='ocrx_word' id='word_1_290' title='bbox 1424 608 1620 643; x_wconf 79' lang='lat' dir='ltr'>Boxhornii</span> <span class='ocrx_word' id='word_1_291' title='bbox 1663 620 1818 645; x_wconf 75' lang='lat' dir='ltr'>occurrit</span> <span class='ocrx_word' id='word_1_292' title='bbox 1859 614 1992 652; x_wconf 68' lang='lat' dir='ltr'>Reddi.</span> 
     </span>
     <span class='ocr_line' id='line_1_55' title="bbox 1233 655 1992 705; baseline 0.009 -16"><span class='ocrx_word' id='word_1_293' title='bbox 1233 655 1425 704; x_wconf 77' lang='lat' dir='ltr'>significans</span> <span class='ocrx_word' id='word_1_294' title='bbox 1452 661 1614 705; x_wconf 77' lang='lat' dir='ltr'>Mergere.</span> <span class='ocrx_word' id='word_1_295' title='bbox 1644 661 1691 694; x_wconf 85' lang='lat' dir='ltr'>Et</span> <span class='ocrx_word' id='word_1_296' title='bbox 1715 662 1900 696; x_wconf 78' lang='lat' dir='ltr'>Germanis</span> <span class='ocrx_word' id='word_1_297' title='bbox 1927 666 1992 696; x_wconf 78' lang='lat' dir='ltr'>Bo-</span> 
     </span>
    </p>
   </div>
   <div class='ocr_carea' id='block_1_5' title="bbox 1205 701 1992 759">
    <p class='ocr_par' dir='ltr' id='par_1_6' title="bbox 1205 701 1992 759">
     <span class='ocr_line' id='line_1_56' title="bbox 1205 701 1992 759; baseline 0.011 -20"><span class='ocrx_word' id='word_1_298' title='bbox 1205 701 1288 740; x_wconf 48' lang='lat' dir='ltr'>lden</span> <span class='ocrx_word' id='word_1_299' title='bbox 1325 707 1370 742; x_wconf 89' lang='lat' dir='ltr'>est</span> <span class='ocrx_word' id='word_1_300' title='bbox 1407 712 1565 745; x_wconf 75' lang='lat' dir='ltr'>Fundus.</span> <span class='ocrx_word' id='word_1_301' title='bbox 1608 710 1667 744; x_wconf 58' lang='lat' dir='ltr'>&lt;ed</span> <span class='ocrx_word' id='word_1_302' title='bbox 1706 723 1813 757; x_wconf 88' lang='lat' dir='ltr'>quum</span> <span class='ocrx_word' id='word_1_303' title='bbox 1855 712 1992 759; x_wconf 80' lang='lat' dir='ltr'>penitus</span> 
     </span>
    </p>
   </div>
   <div class='ocr_carea' id='block_1_6' title="bbox 1217 759 1993 2531">
    <p class='ocr_par' dir='ltr' id='par_1_7' title="bbox 1217 759 1993 2531">
     <span class='ocr_line' id='line_1_57' title="bbox 1230 759 1993 811; baseline 0.009 -19"><span class='ocrx_word' id='word_1_304' title='bbox 1230 760 1438 794; x_wconf 69' lang='lat' dir='ltr'>evanuerint</span> <span class='ocrx_word' id='word_1_305' title='bbox 1467 761 1520 794; x_wconf 89' lang='lat' dir='ltr'>vel</span> <span class='ocrx_word' id='word_1_306' title='bbox 1551 759 1623 806; x_wconf 85' lang='lat' dir='ltr'>ipsa</span> <span class='ocrx_word' id='word_1_307' title='bbox 1654 760 1793 807; x_wconf 85' lang='lat' dir='ltr'>vestigia</span> <span class='ocrx_word' id='word_1_308' title='bbox 1818 762 1993 811; x_wconf 87' lang='lat' dir='ltr'>antiquis-</span> 
     </span>
     <span class='ocr_line' id='line_1_58' title="bbox 1229 807 1992 860; baseline 0.008 -17"><span class='ocrx_word' id='word_1_309' title='bbox 1229 807 1387 845; x_wconf 84' lang='lat' dir='ltr'>slmarum</span> <span class='ocrx_word' id='word_1_310' title='bbox 1426 810 1597 858; x_wconf 86' lang='lat' dir='ltr'>ejusmodi</span> <span class='ocrx_word' id='word_1_311' title='bbox 1635 813 1877 859; x_wconf 84' lang='lat' dir='ltr'>Linguarum,</span> <span class='ocrx_word' id='word_1_312' title='bbox 1919 813 1992 860; x_wconf 87' lang='lat' dir='ltr'>spes</span> 
     </span>
     <span class='ocr_line' id='line_1_59' title="bbox 1228 859 1992 911; baseline 0.008 -17"><span class='ocrx_word' id='word_1_313' title='bbox 1228 859 1335 894; x_wconf 83' lang='lat' dir='ltr'>etiam</span> <span class='ocrx_word' id='word_1_314' title='bbox 1365 859 1497 896; x_wconf 88' lang='lat' dir='ltr'>sublata</span> <span class='ocrx_word' id='word_1_315' title='bbox 1527 861 1571 896; x_wconf 88' lang='lat' dir='ltr'>est</span> <span class='ocrx_word' id='word_1_316' title='bbox 1609 861 1864 909; x_wconf 84' lang='lat' dir='ltr'>dignoscendi,</span> <span class='ocrx_word' id='word_1_317' title='bbox 1902 877 1992 911; x_wconf 86' lang='lat' dir='ltr'>quae</span> 
     </span>
     <span class='ocr_line' id='line_1_60' title="bbox 1229 910 1990 960; baseline 0.009 -16"><span class='ocrx_word' id='word_1_318' title='bbox 1229 923 1330 945; x_wconf 88' lang='lat' dir='ltr'>voces</span> <span class='ocrx_word' id='word_1_319' title='bbox 1370 910 1451 946; x_wconf 89' lang='lat' dir='ltr'>inde</span> <span class='ocrx_word' id='word_1_320' title='bbox 1489 911 1529 946; x_wconf 84' lang='lat' dir='ltr'>ad</span> <span class='ocrx_word' id='word_1_321' title='bbox 1568 925 1628 947; x_wconf 86' lang='lat' dir='ltr'>nos</span> <span class='ocrx_word' id='word_1_322' title='bbox 1668 912 1772 960; x_wconf 87' lang='lat' dir='ltr'>usque</span> <span class='ocrx_word' id='word_1_323' title='bbox 1815 913 1990 960; x_wconf 61' lang='lat' dir='ltr'>profeEiae</span> 
     </span>
     <span class='ocr_line' id='line_1_61' title="bbox 1227 959 1989 1012; baseline 0.007 -17"><span class='ocrx_word' id='word_1_324' title='bbox 1227 959 1383 997; x_wconf 87' lang='lat' dir='ltr'>fuerint.</span> <span class='ocrx_word' id='word_1_325' title='bbox 1422 964 1552 997; x_wconf 86' lang='lat' dir='ltr'>Verum</span> <span class='ocrx_word' id='word_1_326' title='bbox 1592 963 1730 1010; x_wconf 85' lang='lat' dir='ltr'>quoties</span> <span class='ocrx_word' id='word_1_327' title='bbox 1759 962 1989 1012; x_wconf 85' lang='lat' dir='ltr'>investigatur</span> 
     </span>
     <span class='ocr_line' id='line_1_62' title="bbox 1226 1012 1991 1061; baseline 0.008 -16"><span class='ocrx_word' id='word_1_328' title='bbox 1226 1012 1327 1059; x_wconf 86' lang='lat' dir='ltr'>origo</span> <span class='ocrx_word' id='word_1_329' title='bbox 1357 1013 1519 1048; x_wconf 84' lang='lat' dir='ltr'>vocabuli</span> <span class='ocrx_word' id='word_1_330' title='bbox 1549 1014 1720 1061; x_wconf 81' lang='lat' dir='ltr'>alicujus,</span> <span class='ocrx_word' id='word_1_331' title='bbox 1750 1013 1817 1049; x_wconf 84' lang='lat' dir='ltr'>five</span> <span class='ocrx_word' id='word_1_332' title='bbox 1845 1028 1863 1049; x_wconf 89' lang='lat' dir='ltr'>a</span> <span class='ocrx_word' id='word_1_333' title='bbox 1893 1028 1991 1051; x_wconf 87' lang='lat' dir='ltr'>com·</span> 
     </span>
     <span class='ocr_line' id='line_1_63' title="bbox 1227 1062 1987 1114; baseline 0.008 -18"><span class='ocrx_word' id='word_1_334' title='bbox 1227 1062 1323 1096; x_wconf 90' lang='lat' dir='ltr'>muni</span> <span class='ocrx_word' id='word_1_335' title='bbox 1354 1063 1493 1111; x_wconf 72' lang='lat' dir='ltr'>Lingua</span> <span class='ocrx_word' id='word_1_336' title='bbox 1523 1065 1672 1107; x_wconf 72' lang='lat' dir='ltr'>Italica,</span> <span class='ocrx_word' id='word_1_337' title='bbox 1702 1064 1769 1099; x_wconf 86' lang='lat' dir='ltr'>five</span> <span class='ocrx_word' id='word_1_338' title='bbox 1797 1065 1839 1100; x_wconf 88' lang='lat' dir='ltr'>ab</span> <span class='ocrx_word' id='word_1_339' title='bbox 1868 1066 1987 1114; x_wconf 83' lang='lat' dir='ltr'>aliqua</span> 
     </span>
     <span class='ocr_line' id='line_1_64' title="bbox 1224 1112 1988 1165; baseline 0.008 -18"><span class='ocrx_word' id='word_1_340' title='bbox 1224 1112 1427 1148; x_wconf 82' lang='lat' dir='ltr'>Civitatum</span> <span class='ocrx_word' id='word_1_341' title='bbox 1459 1114 1623 1149; x_wconf 61' lang='lat' dir='ltr'>Dialeffio</span> <span class='ocrx_word' id='word_1_342' title='bbox 1652 1114 1833 1161; x_wconf 89' lang='lat' dir='ltr'>usurpati,</span> <span class='ocrx_word' id='word_1_343' title='bbox 1875 1130 1988 1165; x_wconf 82' lang='lat' dir='ltr'>neque</span> 
     </span>
     <span class='ocr_line' id='line_1_65' title="bbox 1224 1163 1985 1203; baseline 0.009 -6"><span class='ocrx_word' id='word_1_344' title='bbox 1224 1163 1316 1198; x_wconf 87' lang='lat' dir='ltr'>ratio</span> <span class='ocrx_word' id='word_1_345' title='bbox 1352 1165 1425 1199; x_wconf 86' lang='lat' dir='ltr'>ulla</span> <span class='ocrx_word' id='word_1_346' title='bbox 1461 1164 1550 1199; x_wconf 87' lang='lat' dir='ltr'>adest</span> <span class='ocrx_word' id='word_1_347' title='bbox 1585 1165 1674 1200; x_wconf 88' lang='lat' dir='ltr'>illud</span> <span class='ocrx_word' id='word_1_348' title='bbox 1712 1165 1902 1202; x_wconf 85' lang='lat' dir='ltr'>deducendi</span> <span class='ocrx_word' id='word_1_349' title='bbox 1941 1181 1985 1203; x_wconf 89' lang='lat' dir='ltr'>ex</span> 
     </span>
     <span class='ocr_line' id='line_1_66' title="bbox 1227 1212 1986 1262; baseline 0.004 -12"><span class='ocrx_word' id='word_1_350' title='bbox 1227 1212 1353 1258; x_wconf 87' lang='lat' dir='ltr'>Latio,</span> <span class='ocrx_word' id='word_1_351' title='bbox 1382 1215 1529 1251; x_wconf 75' lang='lat' dir='ltr'>Graecia</span> <span class='ocrx_word' id='word_1_352' title='bbox 1548 1243 1558 1257; x_wconf 86' lang='lat'>,</span> <span class='ocrx_word' id='word_1_353' title='bbox 1588 1215 1741 1255; x_wconf 84' lang='lat' dir='ltr'>Arabia,</span> <span class='ocrx_word' id='word_1_354' title='bbox 1770 1218 1986 1262; x_wconf 84' lang='lat' dir='ltr'>Germania,</span> 
     </span>
     <span class='ocr_line' id='line_1_67' title="bbox 1222 1265 1985 1315; baseline 0.005 -15"><span class='ocrx_word' id='word_1_355' title='bbox 1222 1265 1363 1308; x_wconf 84' lang='lat' dir='ltr'>Gallia,</span> <span class='ocrx_word' id='word_1_356' title='bbox 1400 1275 1460 1300; x_wconf 84' lang='lat' dir='ltr'>aut</span> <span class='ocrx_word' id='word_1_357' title='bbox 1496 1266 1538 1300; x_wconf 87' lang='lat' dir='ltr'>ab</span> <span class='ocrx_word' id='word_1_358' title='bbox 1575 1267 1654 1301; x_wconf 87' lang='lat' dir='ltr'>aliis</span> <span class='ocrx_word' id='word_1_359' title='bbox 1692 1267 1868 1315; x_wconf 78' lang='lat' dir='ltr'>Linguis,</span> <span class='ocrx_word' id='word_1_360' title='bbox 1907 1281 1985 1304; x_wconf 86' lang='lat' dir='ltr'>cum</span> 
     </span>
     <span class='ocr_line' id='line_1_68' title="bbox 1223 1316 1986 1363; baseline 0.004 -12"><span class='ocrx_word' id='word_1_361' title='bbox 1223 1317 1350 1363; x_wconf 90' lang='lat' dir='ltr'>quibus</span> <span class='ocrx_word' id='word_1_362' title='bbox 1387 1316 1596 1351; x_wconf 86' lang='lat' dir='ltr'>affinitatem</span> <span class='ocrx_word' id='word_1_363' title='bbox 1636 1317 1790 1363; x_wconf 78' lang='lat' dir='ltr'>aliquam</span> <span class='ocrx_word' id='word_1_364' title='bbox 1831 1318 1911 1353; x_wconf 77' lang='lat' dir='ltr'>Itali</span> <span class='ocrx_word' id='word_1_365' title='bbox 1946 1334 1986 1355; x_wconf 81' lang='lat' dir='ltr'>o-</span> 
     </span>
     <span class='ocr_line' id='line_1_69' title="bbox 1223 1365 1985 1412; baseline 0.008 -13"><span class='ocrx_word' id='word_1_366' title='bbox 1223 1366 1285 1400; x_wconf 90' lang='lat' dir='ltr'>lim</span> <span class='ocrx_word' id='word_1_367' title='bbox 1316 1365 1524 1407; x_wconf 83' lang='lat' dir='ltr'>habuerint,</span> <span class='ocrx_word' id='word_1_368' title='bbox 1563 1365 1645 1412; x_wconf 86' lang='lat' dir='ltr'>justa</span> <span class='ocrx_word' id='word_1_369' title='bbox 1674 1365 1822 1412; x_wconf 86' lang='lat' dir='ltr'>suspicio</span> <span class='ocrx_word' id='word_1_370' title='bbox 1849 1369 1985 1406; x_wconf 84' lang='lat' dir='ltr'>oboriri</span> 
     </span>
     <span class='ocr_line' id='line_1_70' title="bbox 1225 1415 1984 1463; baseline 0.008 -14"><span class='ocrx_word' id='word_1_371' title='bbox 1225 1415 1354 1463; x_wconf 76' lang='lat' dir='ltr'>potest,</span> <span class='ocrx_word' id='word_1_372' title='bbox 1395 1415 1566 1463; x_wconf 86' lang='lat' dir='ltr'>ejusmodi</span> <span class='ocrx_word' id='word_1_373' title='bbox 1606 1430 1728 1451; x_wconf 84' lang='lat' dir='ltr'>vocem</span> <span class='ocrx_word' id='word_1_374' title='bbox 1771 1417 1863 1453; x_wconf 85' lang='lat' dir='ltr'>inter</span> <span class='ocrx_word' id='word_1_375' title='bbox 1904 1419 1984 1456; x_wconf 85' lang='lat' dir='ltr'>illas</span> 
     </span>
     <span class='ocr_line' id='line_1_71' title="bbox 1223 1465 1986 1515; baseline 0.004 -14"><span class='ocrx_word' id='word_1_376' title='bbox 1223 1465 1435 1502; x_wconf 78' lang='lat' dir='ltr'>referendam</span> <span class='ocrx_word' id='word_1_377' title='bbox 1456 1491 1465 1506; x_wconf 91' lang='lat'><em>‚</em></span> <span class='ocrx_word' id='word_1_378' title='bbox 1505 1479 1592 1515; x_wconf 80' lang='lat' dir='ltr'>quae</span> <span class='ocrx_word' id='word_1_379' title='bbox 1622 1467 1742 1515; x_wconf 85' lang='lat' dir='ltr'>priscis</span> <span class='ocrx_word' id='word_1_380' title='bbox 1772 1468 1895 1504; x_wconf 88' lang='lat' dir='ltr'>Italiae</span> <span class='ocrx_word' id='word_1_381' title='bbox 1924 1469 1986 1504; x_wconf 87' lang='lat' dir='ltr'>ha-</span> 
     </span>
     <span class='ocr_line' id='line_1_72' title="bbox 1223 1516 1984 1564; baseline 0.004 -12"><span class='ocrx_word' id='word_1_382' title='bbox 1223 1517 1434 1554; x_wconf 78' lang='lat' dir='ltr'>bitatoribus</span> <span class='ocrx_word' id='word_1_383' title='bbox 1473 1516 1508 1552; x_wconf 86' lang='lat' dir='ltr'>in</span> <span class='ocrx_word' id='word_1_384' title='bbox 1547 1517 1607 1553; x_wconf 77' lang='lat' dir='ltr'>usu</span> <span class='ocrx_word' id='word_1_385' title='bbox 1646 1517 1763 1553; x_wconf 87' lang='lat' dir='ltr'>fuere.</span> <span class='ocrx_word' id='word_1_386' title='bbox 1809 1518 1984 1564; x_wconf 86' lang='lat' dir='ltr'>Suspicio-</span> 
     </span>
     <span class='ocr_line' id='line_1_73' title="bbox 1223 1568 1985 1618; baseline 0.004 -15"><span class='ocrx_word' id='word_1_387' title='bbox 1223 1582 1299 1604; x_wconf 84' lang='lat' dir='ltr'>nem</span> <span class='ocrx_word' id='word_1_388' title='bbox 1331 1568 1578 1604; x_wconf 83' lang='lat' dir='ltr'>tantummodo</span> <span class='ocrx_word' id='word_1_389' title='bbox 1600 1569 1700 1618; x_wconf 74' lang='lat' dir='ltr'>dixi3</span> <span class='ocrx_word' id='word_1_390' title='bbox 1731 1583 1840 1617; x_wconf 84' lang='lat' dir='ltr'>neque</span> <span class='ocrx_word' id='word_1_391' title='bbox 1867 1570 1985 1616; x_wconf 76' lang='lat' dir='ltr'>enim,</span> 
     </span>
     <span class='ocr_line' id='line_1_74' title="bbox 1223 1619 1988 1668; baseline 0.004 -14"><span class='ocrx_word' id='word_1_392' title='bbox 1223 1619 1315 1667; x_wconf 87' lang='lat' dir='ltr'>quod</span> <span class='ocrx_word' id='word_1_393' title='bbox 1344 1620 1519 1668; x_wconf 82' lang='lat' dir='ltr'>originem</span> <span class='ocrx_word' id='word_1_394' title='bbox 1551 1620 1660 1656; x_wconf 77' lang='lat' dir='ltr'>vocis</span> <span class='ocrx_word' id='word_1_395' title='bbox 1697 1621 1845 1667; x_wconf 79' lang='lat' dir='ltr'>alicujus</span> <span class='ocrx_word' id='word_1_396' title='bbox 1875 1621 1988 1657; x_wconf 86' lang='lat' dir='ltr'>attin-</span> 
     </span>
     <span class='ocr_line' id='line_1_75' title="bbox 1222 1670 1986 1718; baseline 0.004 -13"><span class='ocrx_word' id='word_1_397' title='bbox 1222 1684 1300 1718; x_wconf 86' lang='lat' dir='ltr'>gere</span> <span class='ocrx_word' id='word_1_398' title='bbox 1329 1684 1397 1706; x_wconf 84' lang='lat' dir='ltr'>non</span> <span class='ocrx_word' id='word_1_399' title='bbox 1428 1670 1614 1716; x_wconf 81' lang='lat' dir='ltr'>poffimus,</span> <span class='ocrx_word' id='word_1_400' title='bbox 1643 1671 1813 1707; x_wconf 85' lang='lat' dir='ltr'>continuo</span> <span class='ocrx_word' id='word_1_401' title='bbox 1843 1672 1905 1706; x_wconf 77' lang='lat' dir='ltr'>illa</span> <span class='ocrx_word' id='word_1_402' title='bbox 1932 1686 1986 1708; x_wconf 89' lang='lat' dir='ltr'>re-</span> 
     </span>
     <span class='ocr_line' id='line_1_76' title="bbox 1221 1721 1983 1758; baseline 0.003 -2"><span class='ocrx_word' id='word_1_403' title='bbox 1221 1722 1359 1757; x_wconf 86' lang='lat' dir='ltr'>ferenda</span> <span class='ocrx_word' id='word_1_404' title='bbox 1387 1721 1431 1757; x_wconf 81' lang='lat' dir='ltr'>est</span> <span class='ocrx_word' id='word_1_405' title='bbox 1467 1723 1507 1757; x_wconf 84' lang='lat' dir='ltr'>ad</span> <span class='ocrx_word' id='word_1_406' title='bbox 1547 1731 1618 1757; x_wconf 82' lang='lat' dir='ltr'>tam</span> <span class='ocrx_word' id='word_1_407' title='bbox 1657 1732 1810 1757; x_wconf 79' lang='lat' dir='ltr'>remotos</span> <span class='ocrx_word' id='word_1_408' title='bbox 1848 1722 1983 1758; x_wconf 79' lang='lat' dir='ltr'>fontes.</span> 
     </span>
     <span class='ocr_line' id='line_1_77' title="bbox 1221 1772 1982 1820; baseline 0.001 -13"><span class='ocrx_word' id='word_1_409' title='bbox 1221 1775 1333 1808; x_wconf 85' lang='lat' dir='ltr'>Erunt</span> <span class='ocrx_word' id='word_1_410' title='bbox 1370 1772 1432 1807; x_wconf 88' lang='lat' dir='ltr'>alii</span> <span class='ocrx_word' id='word_1_411' title='bbox 1472 1772 1542 1819; x_wconf 84' lang='lat' dir='ltr'>post</span> <span class='ocrx_word' id='word_1_412' title='bbox 1580 1786 1642 1808; x_wconf 90' lang='lat' dir='ltr'>nos</span> <span class='ocrx_word' id='word_1_413' title='bbox 1680 1772 1881 1812; x_wconf 70' lang='lat' dir='ltr'>feliciores,</span> <span class='ocrx_word' id='word_1_414' title='bbox 1919 1773 1982 1820; x_wconf 84' lang='lat' dir='ltr'>qui</span> 
     </span>
     <span class='ocr_line' id='line_1_78' title="bbox 1220 1821 1982 1870; baseline 0 -12"><span class='ocrx_word' id='word_1_415' title='bbox 1220 1822 1294 1858; x_wconf 86' lang='lat' dir='ltr'>acie</span> <span class='ocrx_word' id='word_1_416' title='bbox 1332 1821 1471 1857; x_wconf 74' lang='lat' dir='ltr'>meliori</span> <span class='ocrx_word' id='word_1_417' title='bbox 1516 1833 1652 1857; x_wconf 79' lang='lat' dir='ltr'>utentes</span> <span class='ocrx_word' id='word_1_418' title='bbox 1695 1824 1835 1870; x_wconf 82' lang='lat' dir='ltr'>propius</span> <span class='ocrx_word' id='word_1_419' title='bbox 1880 1822 1982 1859; x_wconf 81' lang='lat' dir='ltr'>inve-</span> 
     </span>
     <span class='ocr_line' id='line_1_79' title="bbox 1222 1872 1981 1921; baseline 0 -12"><span class='ocrx_word' id='word_1_420' title='bbox 1222 1873 1344 1915; x_wconf 87' lang='lat' dir='ltr'>nient,</span> <span class='ocrx_word' id='word_1_421' title='bbox 1373 1872 1464 1920; x_wconf 87' lang='lat' dir='ltr'>quod</span> <span class='ocrx_word' id='word_1_422' title='bbox 1496 1885 1557 1907; x_wconf 88' lang='lat' dir='ltr'>nos</span> <span class='ocrx_word' id='word_1_423' title='bbox 1586 1872 1672 1908; x_wconf 88' lang='lat' dir='ltr'>alibi</span> <span class='ocrx_word' id='word_1_424' title='bbox 1701 1872 1820 1908; x_wconf 84' lang='lat' dir='ltr'>frustra</span> <span class='ocrx_word' id='word_1_425' title='bbox 1849 1874 1981 1921; x_wconf 80' lang='lat' dir='ltr'>quaesi-</span> 
     </span>
     <span class='ocr_line' id='line_1_80' title="bbox 1222 1924 1980 1967; baseline 0.001 -8"><span class='ocrx_word' id='word_1_426' title='bbox 1222 1925 1360 1960; x_wconf 86' lang='lat' dir='ltr'>vimus.</span> <span class='ocrx_word' id='word_1_427' title='bbox 1389 1926 1441 1959; x_wconf 88' lang='lat' dir='ltr'>Ita</span> <span class='ocrx_word' id='word_1_428' title='bbox 1469 1925 1677 1967; x_wconf 81' lang='lat' dir='ltr'>Gallorum,</span> <span class='ocrx_word' id='word_1_429' title='bbox 1707 1924 1980 1965; x_wconf 79' lang='lat' dir='ltr'>Britannorum,</span> 
     </span>
     <span class='ocr_line' id='line_1_81' title="bbox 1219 1974 1982 2024; baseline 0 -13"><span class='ocrx_word' id='word_1_430' title='bbox 1219 1977 1251 2011; x_wconf 74' lang='lat'>8&lt;</span> <span class='ocrx_word' id='word_1_431' title='bbox 1281 1974 1518 2022; x_wconf 86' lang='lat' dir='ltr'>Hispanorum</span> <span class='ocrx_word' id='word_1_432' title='bbox 1557 1974 1717 2024; x_wconf 81' lang='lat' dir='ltr'>Linguae</span> <span class='ocrx_word' id='word_1_433' title='bbox 1753 1974 1893 2010; x_wconf 86' lang='lat' dir='ltr'>servant</span> <span class='ocrx_word' id='word_1_434' title='bbox 1921 1975 1982 2011; x_wconf 88' lang='lat' dir='ltr'>ad-</span> 
     </span>
     <span class='ocr_line' id='line_1_82' title="bbox 1220 2025 1981 2073; baseline 0.001 -12"><span class='ocrx_word' id='word_1_435' title='bbox 1220 2027 1285 2062; x_wconf 87' lang='lat' dir='ltr'>huc</span> <span class='ocrx_word' id='word_1_436' title='bbox 1323 2027 1525 2073; x_wconf 78' lang='lat' dir='ltr'>complura,</span> <span class='ocrx_word' id='word_1_437' title='bbox 1562 2025 1630 2061; x_wconf 79' lang='lat' dir='ltr'>five</span> <span class='ocrx_word' id='word_1_438' title='bbox 1668 2039 1797 2071; x_wconf 78' lang='lat' dir='ltr'>pauca,</span> <span class='ocrx_word' id='word_1_439' title='bbox 1840 2026 1981 2073; x_wconf 86' lang='lat' dir='ltr'>aliquot</span> 
     </span>
     <span class='ocr_line' id='line_1_83' title="bbox 1220 2075 1979 2125; baseline 0 -12"><span class='ocrx_word' id='word_1_440' title='bbox 1220 2088 1337 2113; x_wconf 88' lang='lat' dir='ltr'>tamen</span> <span class='ocrx_word' id='word_1_441' title='bbox 1365 2091 1407 2113; x_wconf 90' lang='lat' dir='ltr'>ex</span> <span class='ocrx_word' id='word_1_442' title='bbox 1445 2075 1696 2125; x_wconf 79' lang='lat' dir='ltr'>antiquiffimis</span> <span class='ocrx_word' id='word_1_443' title='bbox 1736 2076 1864 2120; x_wconf 83' lang='lat' dir='ltr'>priscae</span> <span class='ocrx_word' id='word_1_444' title='bbox 1902 2077 1979 2113; x_wconf 87' lang='lat' dir='ltr'>suae</span> 
     </span>
     <span class='ocr_line' id='line_1_84' title="bbox 1221 2127 1979 2178; baseline 0.001 -15"><span class='ocrx_word' id='word_1_445' title='bbox 1221 2128 1332 2178; x_wconf 79' lang='lat' dir='ltr'>gentis</span> <span class='ocrx_word' id='word_1_446' title='bbox 1361 2127 1506 2164; x_wconf 86' lang='lat' dir='ltr'>vocibus</span> <span class='ocrx_word' id='word_1_447' title='bbox 1525 2153 1535 2167; x_wconf 93' lang='lat'>‚</span> <span class='ocrx_word' id='word_1_448' title='bbox 1573 2141 1771 2175; x_wconf 83' lang='lat' dir='ltr'>quanquam</span> <span class='ocrx_word' id='word_1_449' title='bbox 1799 2141 1835 2162; x_wconf 86' lang='lat' dir='ltr'>ea</span> <span class='ocrx_word' id='word_1_450' title='bbox 1859 2127 1979 2164; x_wconf 73' lang='lat' dir='ltr'>distin-</span> 
     </span>
     <span class='ocr_line' id='line_1_85' title="bbox 1219 2178 1978 2228; baseline 0 -13"><span class='ocrx_word' id='word_1_451' title='bbox 1219 2193 1321 2228; x_wconf 78' lang='lat' dir='ltr'>guere</span> <span class='ocrx_word' id='word_1_452' title='bbox 1349 2193 1367 2214; x_wconf 91' lang='lat' dir='ltr'>a</span> <span class='ocrx_word' id='word_1_453' title='bbox 1404 2178 1527 2214; x_wconf 75' lang='lat' dir='ltr'>ceteris</span> <span class='ocrx_word' id='word_1_454' title='bbox 1566 2179 1732 2219; x_wconf 86' lang='lat' dir='ltr'>arduum,</span> <span class='ocrx_word' id='word_1_455' title='bbox 1769 2178 1881 2214; x_wconf 83' lang='lat' dir='ltr'>immo</span> <span class='ocrx_word' id='word_1_456' title='bbox 1919 2179 1978 2215; x_wconf 82' lang='lat' dir='ltr'>de-</span> 
     </span>
     <span class='ocr_line' id='line_1_86' title="bbox 1220 2229 1976 2279; baseline -0.004 -13"><span class='ocrx_word' id='word_1_457' title='bbox 1220 2231 1390 2279; x_wconf 87' lang='lat' dir='ltr'>speratum</span> <span class='ocrx_word' id='word_1_458' title='bbox 1413 2229 1593 2277; x_wconf 66' lang='lat' dir='ltr'>negotium</span> <span class='ocrx_word' id='word_1_459' title='bbox 1618 2229 1678 2266; x_wconf 78' lang='lat' dir='ltr'>slt-</span> <span class='ocrx_word' id='word_1_460' title='bbox 1702 2230 1882 2265; x_wconf 81' lang='lat' dir='ltr'>Nimirum</span> <span class='ocrx_word' id='word_1_461' title='bbox 1906 2242 1976 2264; x_wconf 87' lang='lat' dir='ltr'>non</span> 
     </span>
     <span class='ocr_line' id='line_1_87' title="bbox 1219 2278 1975 2317; baseline -0.004 0"><span class='ocrx_word' id='word_1_462' title='bbox 1219 2282 1270 2317; x_wconf 83' lang='lat' dir='ltr'>ita</span> <span class='ocrx_word' id='word_1_463' title='bbox 1298 2281 1453 2317; x_wconf 76' lang='lat' dir='ltr'>invaluit</span> <span class='ocrx_word' id='word_1_464' title='bbox 1481 2280 1518 2315; x_wconf 89' lang='lat' dir='ltr'>in</span> <span class='ocrx_word' id='word_1_465' title='bbox 1547 2280 1671 2316; x_wconf 85' lang='lat' dir='ltr'>Italiae</span> <span class='ocrx_word' id='word_1_466' title='bbox 1701 2280 1898 2316; x_wconf 83' lang='lat' dir='ltr'>Provinciis</span> <span class='ocrx_word' id='word_1_467' title='bbox 1920 2278 1975 2314; x_wconf 88' lang='lat' dir='ltr'>vi-</span> 
     </span>
     <span class='ocr_line' id='line_1_88' title="bbox 1219 2331 1978 2379; baseline -0.005 -11"><span class='ocrx_word' id='word_1_468' title='bbox 1219 2332 1325 2368; x_wconf 69' lang='lat' dir='ltr'>&amp;oris</span> <span class='ocrx_word' id='word_1_469' title='bbox 1369 2331 1496 2378; x_wconf 84' lang='lat' dir='ltr'>Populi</span> <span class='ocrx_word' id='word_1_470' title='bbox 1535 2331 1685 2367; x_wconf 87' lang='lat' dir='ltr'>Romani</span> <span class='ocrx_word' id='word_1_471' title='bbox 1725 2331 1862 2379; x_wconf 81' lang='lat' dir='ltr'>Lingua</span> <span class='ocrx_word' id='word_1_472' title='bbox 1886 2356 1895 2369; x_wconf 79' lang='grc'>,</span> <span class='ocrx_word' id='word_1_473' title='bbox 1938 2337 1978 2365; x_wconf 87' lang='lat' dir='ltr'>ut</span> 
     </span>
     <span class='ocr_line' id='line_1_89' title="bbox 1219 2381 1976 2428; baseline -0.008 -9"><span class='ocrx_word' id='word_1_474' title='bbox 1219 2397 1340 2419; x_wconf 82' lang='lat' dir='ltr'>omnes</span> <span class='ocrx_word' id='word_1_475' title='bbox 1362 2382 1507 2428; x_wconf 73' lang='lat' dir='ltr'>penitus</span> <span class='ocrx_word' id='word_1_476' title='bbox 1536 2382 1730 2418; x_wconf 82' lang='lat' dir='ltr'>aboleverit</span> <span class='ocrx_word' id='word_1_477' title='bbox 1758 2381 1976 2427; x_wconf 84' lang='lat' dir='ltr'>Linguarum</span> 
     </span>
     <span class='ocr_line' id='line_1_90' title="bbox 1219 2430 1976 2480; baseline -0.005 -10"><span class='ocrx_word' id='word_1_478' title='bbox 1219 2434 1500 2479; x_wconf 74' lang='lat' dir='ltr'>praecedentium</span> <span class='ocrx_word' id='word_1_479' title='bbox 1531 2436 1668 2480; x_wconf 78' lang='lat' dir='ltr'>Voces3</span> <span class='ocrx_word' id='word_1_480' title='bbox 1697 2431 1750 2466; x_wconf 83' lang='lat' dir='ltr'>sed</span> <span class='ocrx_word' id='word_1_481' title='bbox 1775 2430 1911 2477; x_wconf 80' lang='lat' dir='ltr'>aliquae</span> <span class='ocrx_word' id='word_1_482' title='bbox 1933 2444 1976 2466; x_wconf 82' lang='lat' dir='ltr'>ex</span> 
     </span>
     <span class='ocr_line' id='line_1_91' title="bbox 1217 2478 1976 2531; baseline -0.009 -9"><span class='ocrx_word' id='word_1_483' title='bbox 1217 2485 1262 2522; x_wconf 86' lang='lat' dir='ltr'>iis</span> <span class='ocrx_word' id='word_1_484' title='bbox 1292 2485 1328 2521; x_wconf 89' lang='lat' dir='ltr'>in</span> <span class='ocrx_word' id='word_1_485' title='bbox 1357 2499 1426 2521; x_wconf 87' lang='lat' dir='ltr'>uno</span> <span class='ocrx_word' id='word_1_486' title='bbox 1456 2485 1585 2531; x_wconf 87' lang='lat' dir='ltr'>populo</span> <span class='ocrx_word' id='word_1_487' title='bbox 1614 2483 1764 2518; x_wconf 82' lang='lat' dir='ltr'>servatae</span> <span class='ocrx_word' id='word_1_488' title='bbox 1803 2478 1903 2524; x_wconf 82' lang='lat' dir='ltr'>sunt,</span> <span class='ocrx_word' id='word_1_489' title='bbox 1940 2482 1976 2516; x_wconf 84' lang='lat'>&amp;</span> 
     </span>
    </p>
   </div>
   <div class='ocr_carea' id='block_1_7' title="bbox 1218 2531 1974 2619">
    <p class='ocr_par' dir='ltr' id='par_1_8' title="bbox 1218 2531 1974 2619">
     <span class='ocr_line' id='line_1_92' title="bbox 1218 2531 1974 2619; baseline -0.009 -45"><span class='ocrx_word' id='word_1_490' title='bbox 1218 2536 1330 2574; x_wconf 73' lang='lat' dir='ltr'>adhuc</span> <span class='ocrx_word' id='word_1_491' title='bbox 1357 2535 1565 2586; x_wconf 80' lang='lat' dir='ltr'>perdurant,</span> <span class='ocrx_word' id='word_1_492' title='bbox 1601 2532 1691 2570; x_wconf 81' lang='lat' dir='ltr'>aliae</span> <span class='ocrx_word' id='word_1_493' title='bbox 1719 2545 1801 2569; x_wconf 88' lang='lat' dir='ltr'>vero</span> <span class='ocrx_word' id='word_1_494' title='bbox 1816 2531 1974 2619; x_wconf 45' lang='grc' dir='ltr'>ἑηῇἓϋίς</span> 
     </span>
     <span class='ocr_line' id='line_1_93' title="bbox 1842 2594 1925 2619; baseline 0 -10"><span class='ocrx_word' id='word_1_495' title='bbox 1842 2594 1867 2619; x_wconf 65' lang='lat' dir='ltr'>lx</span> <span class='ocrx_word' id='word_1_496' title='bbox 1894 2595 1925 2618; x_wconf 55' lang='lat'>1—</span> 
     </span>
    </p>
   </div>
  </div>
 </body>
</html>
