2169 3047
403 206 481 249 571
750 155 1120 244 AstQJJT.
1161 182 1376 230 MEDJJ
1410 188 1570 232 AEVJ

1835 209 1915 251 57¹

341 266 428 303 guae
469 249 600 287 nostrae
621 276 630 286 .
668 251 801 285 Verum
845 249 949 296 longe
990 246 1105 282 minus
1129 245 1189 280 Ἀι
1217 245 1285 293 rigo
1319 249 1407 292 apud
1433 249 1511 297 ipsos
1538 253 1668 286 Graecos
1695 264 1755 286 non
1792 251 1978 299 invenitur,

343 316 450 351 quam
487 301 683 344 credimus,
709 314 753 337 ex
790 299 933 336 Graecis
970 297 1104 347 accepi-

343 367 446 404 mus3
476 367 583 403 pauca
611 368 628 390 e
656 352 817 402 Judaeis;
845 350 883 388 &
909 363 996 397 quae
1023 363 1106 400 pau-

344 420 385 443 ca
405 420 448 443 ex
473 405 593 443 Gallia
620 403 836 441 Narbonensi
861 402 953 439 re6‘ta
980 403 1020 439 ad
1044 415 1105 438 nos

343 471 493 503 venere,
522 457 558 494 in
588 456 805 505 Scriptorum
834 455 973 503 potius,
1001 465 1106 501 quam

344 509 477 557 Populi
515 508 575 544 usu
613 507 821 542 servantur.
865 507 989 552 Itaque
1031 517 1106 542 mea

344 559 520 596 sententia
556 557 621 600 est,
651 557 811 592 solertius
847 568 952 603 quam
990 554 1106 589 haeste-

343 624 408 646 nus
435 609 565 644 fastum
593 607 653 647 sit,
679 606 933 655 investigandas
958 605 1022 641 effe
1048 608 1106 641 Se-

341 659 636 710 ptentrionalium
666 658 903 707 Populorum,
928 656 1041 692 immo
1068 655 1106 692 &

340 711 498 760 ipsorum
529 709 685 746 Arabum
725 708 905 757 Linguas,
933 717 972 744 ut
1009 721 1105 743 com-

340 762 499 812 plurium
527 773 654 796 vocum
690 760 878 795 nostrarum
906 758 1020 794 fontes
1048 759 1107 794 de—

338 823 525 862 tegamus.
565 811 747 848 Nimirum
785 812 818 846 &
857 810 911 846 isti
950 809 1106 859 Populi,

340 874 401 900 aut
430 863 523 912 quod
551 862 664 899 sedem
692 862 754 898 diu
781 862 818 898 in
852 861 957 897 Italia
984 871 1106 897 tenue-

339 915 436 958 rint,
465 923 524 951 aut
561 913 655 962 quod
693 912 908 949 commercio
942 911 980 948 &
1017 926 1103 948 mer-

342 967 462 1001 catura
503 964 569 1001 sese
613 965 804 1013 majoribus
847 963 969 1000 nostris
1011 963 1108 1008 saepe

345 1016 623 1065 conjunxerint,
661 1029 732 1052 non
769 1014 1106 1064 exiguam‘fuarum

343 1081 475 1104 vocum
505 1081 645 1103 manum
675 1067 713 1102 in
751 1067 927 1113 Linguam
960 1066 1108 1101 nostram

342 1118 518 1155 intulere.
552 1118 680 1153 Pudeat
708 1116 856 1152 fortaffis
885 1117 1023 1163 aliquos
1053 1129 1107 1163 pe-

343 1179 418 1205 tere
456 1183 475 1204 e
523 1168 684 1204 Barbaris
730 1168 892 1215 gentibus
938 1166 1107 1215 ejusmodi

343 1219 555 1262 subsidium,
584 1232 653 1254 non
691 1217 784 1255 secus
816 1230 920 1265 atque
958 1218 1107 1252 nonnul-

345 1272 400 1307 los
429 1271 534 1319 pudet
565 1269 641 1305 suae
669 1271 783 1317 gentis
821 1269 965 1304 exordia
1003 1282 1109 1316 agno-

345 1321 438 1357 scere
466 1335 484 1357 a
514 1322 651 1368 populis
679 1322 903 1356 Borealibus:
931 1319 1022 1364 quasi
1052 1320 1108 1353 de-

348 1386 408 1408 cus
430 1372 677 1408 tantummodo
698 1371 737 1406 sit
758 1386 775 1406 e
796 1369 984 1415 Troianis,
1002 1371 1106 1403 Grae-

346 1424 418 1461 cis,
461 1437 499 1458 ac
549 1422 716 1458 Romanis
762 1421 965 1462 sangumem
1012 1418 1109 1454 suum

345 1474 500 1510 duxisse:
532 1487 618 1520 quae
648 1483 746 1507 vetus
784 1470 918 1507 insania
946 1469 1009 1504 est.
1048 1470 1110 1504 Sed

344 1538 410 1560 nos
440 1526 530 1559 ultra
559 1537 706 1570 aequum
736 1522 918 1558 delicatuli
949 1521 1111 1556 inanibus

345 1573 600 1623 phantasmatis
643 1573 840 1622 pascimur,
880 1573 913 1607 &
962 1574 1113 1607 veritate

347 1624 528 1674 neglefi'ta,
565 1635 626 1660 aut
662 1625 771 1660 etiam
808 1624 1007 1662 contemta.
1038 1636 1113 1658 um-

346 1677 424 1712 bras
454 1677 551 1711 illius
587 1676 765 1711 interdum
803 1675 1020 1719 imprudenti
1048 1675 1112 1709 stu-

349 1727 411 1763 dio
435 1726 695 1762 consefi’mmur.
721 1727 836 1763 Nobis
864 1737 987 1762 contra
1011 1739 1115 1775 agen·-

350 1779 432 1814 dum
463 1778 529 1821 est,
554 1787 592 1812 ut
620 1791 689 1813 non
719 1779 812 1826 quod
840 1780 976 1827 placet,
1003 1779 1115 1825 splen-

351 1828 537 1874 didiusque
574 1828 734 1871 videtur,
771 1829 826 1863 sed
865 1831 957 1876 quod
995 1842 1115 1864 verum

351 1879 397 1915 est
420 1879 658 1926 affequamur.
681 1882 906 1927 Qaamquam
930 1882 962 1914 &
990 1894 1117 1925 magno

350 1931 391 1967 in
428 1929 562 1966 honore
588 1931 677 1965 olim
717 1931 849 1966 Arabes
885 1930 1002 1979 fuere;
1032 1933 1116 1966 Ger-

351 1981 491 2018 manica
522 1995 603 2017 vero
632 1981 732 2017 nario
761 1995 832 2016 non
861 1996 951 2017 nunc
981 1982 1116 2025 solum,

352 2032 409 2068 sed
440 2035 469 2065 Sc
509 2031 760 2080 antiquissimis
798 2034 1016 2078 temporibus
1055 2047 1116 2068 no-

352 2083 520 2119 biliffima
559 2083 646 2119 fuit.
686 2085 792 2119 Addo
827 2085 959 2128 etiam,
995 2098 1117 2131 quam-

352 2134 409 2169 vis
437 2149 481 2169 ex
510 2134 751 2181 abjefiliffimis
779 2135 918 2183 populis
949 2135 1119 2170 eduxisset

353 2185 497 2232 Lingua
521 2186 632 2219 nostra
659 2186 771 2220 varias
793 2199 919 2225 voces,
940 2186 1023 2232 quid
1053 2186 1118 2221 hoc

353 2235 481 2283 quaeso
508 2236 581 2282 ejus
610 2237 743 2283 gloriae
773 2235 924 2271 obesset?
965 2239 1013 2271 Ex
1050 2251 1119 2282 quo

353 2288 527 2323 vocabula
564 2288 626 2322 illa
663 2287 702 2320 ad
744 2300 806 2321 nos
843 2288 1119 2332 immigraffent,

356 2338 537 2385 nostraque
562 2336 762 2378 evasissent,
788 2351 864 2372 cum
892 2334 1003 2373 nobili
1031 2339 1119 2374 Lin-

355 2402 423 2438 gua
462 2389 657 2424 commixta
691 2389 916 2424 nobilitatem
956 2390 1121 2425 acceoiffe

359 2440 505 2475 dicenda
528 2440 662 2475 forent.
690 2441 793 2475 Plato
812 2453 952 2486 quoque
977 2440 1011 2474 in
1034 2442 1120 2474 Cra—

357 2492 437 2536 tylo
478 2491 554 2527 suos
597 2493 748 2526 Graecos
792 2491 923 2538 jamdiu
967 2491 1121 2526 monitos

354 2542 474 2579 voluit
491 2570 502 2589 ‚
537 2545 658 2591 quoties
685 2546 868 2578 Graecorum
905 2544 1062 2577 uminum
1089 2555 1122 2576 e-

1218 311 1239 334 a
1264 300 1420 335 Barbam's
1452 304 1645 348 petendam,
1682 319 1702 340 a
1729 304 1840 351 quibus
1867 305 1979 340 Graeci

1218 351 1370 387 vocabula
1397 353 1497 388 multa
1535 355 1723 394 lum‘erunt.
1763 355 1979 403 Antiquisffi-

1221 415 1316 438 mum
1347 417 1471 451 nempe
1499 404 1543 441 est
1579 406 1672 443 inter
1699 406 1731 442 se
1761 407 1980 456 Linguarum

1221 455 1502 505 commercium3
1540 456 1770 505 migrationes
1805 472 1887 494 vero
1919 471 1981 494 vo·

1221 517 1324 547 cum,
1353 519 1422 540 non
1451 505 1545 544 secus
1572 521 1611 542 ac
1639 510 1872 555 populorum,
1897 509 1980 545 dum

1222 553 1355 591 intenti
1383 554 1506 596 simus,
1539 556 1642 593 facile
1668 559 1982 604 deprehendemus.

1274 608 1367 654 Ergo
1394 606 1566 654 operosius
1595 607 1865 656 inquirendum,
1901 611 1983 658 qui-

1225 657 1285 692 bus
1311 669 1352 692 ex
1380 656 1535 694 fontibus
1560 659 1722 707 Vulgaris
1744 659 1872 695 nostrae
1893 660 1985 696 Lin-

1223 721 1310 756 guae
1331 720 1432 744 voces
1459 710 1654 746 manarint.
1684 712 1882 746 Nonnullas
1905 724 1984 757 pro-

1224 758 1316 794 feao
1343 759 1444 795 nobis
1473 760 1739 797 contribuerunt
1768 762 1919 798 Hebraei
1948 763 1983 797 δε

1223 809 1374 845 Graeci:
1414 824 1517 858 quam
1556 811 1593 847 in
1631 825 1702 848 rem
1740 814 1822 860 quia
1851 812 1985 857 multi,

1225 860 1260 897 ἃ
1301 861 1406 897 latius
1442 862 1572 902 etiam,
1610 874 1714 912 atque
1751 863 1985 899 confidentius

1225 925 1329 960 quam
1368 926 1428 958 par
1463 913 1567 956 esset,
1603 913 1864 961 inquisierunt,
1908 927 1988 962 pro-

1226 974 1340 1008 pterea
1370 964 1506 1000 missum
1536 964 1602 999 hoc
1630 964 1740 1000 facio.
1771 965 1900 1000 Nullus
1927 977 1988 1000 au-

1227 1024 1297 1049 tern
1327 1015 1527 1062 ambigendi
1557 1017 1654 1051 locus
1683 1015 1748 1059 est,
1777 1015 1863 1062 quin
1893 1028 1990 1064 prae-

1226 1066 1327 1110 cipue
1366 1067 1568 1101 Italicarum
1599 1080 1724 1102 vocum
1764 1066 1866 1101 maffa
1904 1066 1989 1102 edu-

1226 1114 1281 1149 &a
1311 1114 1417 1150 fuerit
1445 1130 1462 1151 e
1493 1117 1702 1152 Latinorum
1742 1118 1909 1164 Lingua3
1949 1129 1988 1152 ae

1228 1165 1372 1210 proinde
1401 1166 1546 1202 nostram
1580 1168 1751 1216 Linguam
1779 1168 1926 1203 Latinae
1947 1165 1991 1201 fi-

1226 1216 1309 1250 liam
1344 1230 1412 1251 non
1446 1217 1554 1253 solum
1595 1218 1667 1266 jure
1705 1219 1903 1263 possumus.
1935 1216 1989 1252 sed

1225 1281 1312 1313 opus
1338 1267 1383 1304 est
1408 1270 1601 1315 appellare.
1631 1269 1856 1305 Retinuimus
1885 1268 1990 1303 innu-

1228 1331 1336 1351 meras
1380 1331 1504 1361 voces,
1547 1319 1705 1366 phrases.
1746 1321 1778 1354 8(
1819 1318 1990 1354 ἀλξὶὶοηίε

1226 1367 1384 1401 ordinem
1417 1368 1451 1402 in
1482 1369 1674 1416 plerisque,
1703 1370 1752 1405 ita
1781 1381 1819 1405 ut
1844 1372 1898 1405 vel
1930 1383 1991 1411 po-

1229 1419 1326 1465 pulus
1349 1417 1510 1453 indo5lus
1534 1419 1568 1454 in
1591 1420 1718 1455 humili
1743 1419 1897 1455 sermone
1922 1422 1992 1456 La-

1228 1469 1305 1502 tino
1347 1467 1384 1504 ἃ
1417 1472 1518 1504 verba
1557 1469 1594 1506 ἃ
1635 1470 1746 1506 sensus
1783 1474 1991 1518 quandoque

1228 1519 1435 1567 intelligat.
1469 1521 1728 1557 Animadverte
1757 1532 1895 1563 'amen‚
1933 1519 1993 1556 etsi

1228 1571 1501 1608 vocabularium
1534 1574 1777 1609 Florentinum
1807 1582 1862 1607 tot
1893 1585 1995 1608 voces

1228 1622 1413 1668 collegerit
1434 1637 1475 1659 ex
1500 1625 1606 1660 Latio
1635 1626 1674 1659 ad
1704 1638 1765 1659 nos
1795 1622 1991 1670 profeElas‚

1230 1673 1358 1708 multas
1387 1683 1503 1709 tamen
1534 1675 1624 1717 effe,
1663 1689 1749 1720 quae
1779 1688 1888 1721 neque
1917 1686 1995 1708 ver-

1231 1724 1270 1758 ba
1294 1724 1417 1771 Populi
1450 1726 1531 1761 Itali
1557 1726 1590 1764 i.
1620 1740 1731 1772 neque
1766 1725 1902 1760 Etrusci
1941 1723 1995 1758 di-

1232 1774 1339 1808 cenda
1368 1774 1467 1811 sunt.
1495 1776 1675 1811 Nimirum
1706 1775 1800 1810 docsti
1833 1774 1902 1809 viri
1931 1786 1993 1821 pro

1234 1824 1294 1859 suo
1321 1827 1490 1863 arbitrio.
1528 1837 1588 1862 aut
1617 1840 1678 1864 pro
1706 1825 1906 1861 ne—effirare
1932 1837 1994 1860 ex-

1234 1876 1386 1924 plicandi
1416 1876 1510 1912 suam
1549 1877 1744 1912 doffifinam
1785 1874 1996 1923 subtilesque

1235 1926 1491 1974 cogitationes,
1511 1939 1571 1963 aut
1588 1929 1626 1962 ad
1647 1929 1880 1973 Eloquentiae
1897 1939 1997 1972 pom-

1236 1991 1313 2026 pam
1333 2006 1342 2018 ,
1373 1993 1462 2014 nova
1491 1980 1618 2021 verba,
1657 1979 1832 2024 novasque
1861 1976 1996 2025 phrases

1237 2029 1471 2077 procuderunt
1490 2041 1596 2077 atque
1616 2029 1832 2074 procudunt,
1853 2038 1911 2064 aut
1935 2041 1998 2070 po-

1237 2080 1307 2116 tius
1334 2094 1371 2116 ea
1400 2095 1442 2117 ex
1481 2083 1619 2117 notiore
1656 2081 1867 2117 Latinorum
1907 2078 1998 2115 Lin-

1238 2145 1328 2180 gua,
1370 2131 1579 2168 finitimisve
1621 2132 1728 2167 etiarn
1765 2145 1807 2167 ex
1846 2128 1998 2177 Linguis

1240 2184 1390 2218 mutuati
1422 2183 1520 2219 sunt.
1550 2184 1656 2219 His-e
1678 2197 1760 2218 vero
1782 2183 1999 2217 additamen-

1239 2234 1285 2269 tis
1313 2248 1391 2269 raro
1418 2245 1476 2270 aut
1518 2248 1696 2277 nunquam
1733 2234 1846 2268 utitur
1884 2233 1998 2272 Popu-

1240 2287 1293 2321 lus
1321 2286 1498 2334 reliquus;
1537 2286 1649 2320 immo
1687 2298 1729 2320 ne
1767 2284 1831 2319 illa
1856 2281 1996 2329 quidem

1241 2346 1280 2371 ut
1322 2348 1452 2383 partem
1496 2337 1655 2382 propriae
1695 2336 1852 2383 Linguae
1891 2344 1998 2379 agno-

1242 2387 1327 2422 scit.
1359 2388 1414 2422 Ad
1444 2387 1525 2422 haec
1560 2387 1662 2422 facile
1691 2396 1907 2431 nequaquam
1937 2381 2000 2416 sta-

1242 2449 1342 2478 tuas,
1381 2439 1557 2487 Linguam
1587 2436 1733 2482 aiicujus
1761 2435 1874 2481 gentis
1904 2445 2000 2480 prae-

1242 2490 1367 2524 cellere
1404 2489 1505 2524 alteri
1543 2488 1642 2530 copia
1677 2499 1714 2520 ac
1751 2486 1908 2520 ubertate
1938 2497 2000 2518 vo-

1242 2553 1320 2576 cum
1333 2566 1341 2576 .
1365 2541 1555 2576 Extollunt
1576 2536 1739 2574 nonnulli
1759 2536 1823 2572 hac
1843 2536 1884 2574 de
1905 2533 2002 2570 caus-

1917 2599 1954 2622 sa
