2169 3047
242 204 321 257 385
525 190 798 237 DISSERTA
807 191 900 234 Tio
941 177 1462 237 TRJGESIMAPRJMA.
1670 204 1717 243 2ss
1731 210 1754 243 5

179 259 455 296 animadvertere
474 252 613 302 potuisti
629 279 638 296 ‚
665 250 704 286 in
724 250 854 287 duabus
876 264 937 287 nu-
972 258 1005 292 A
1049 251 1140 300 quod
1169 251 1237 301 jam
1266 251 1463 300 deperditae
1492 253 1653 302 fuissent,
1669 239 1730 294 aad
1758 270 1810 295 te-

177 323 238 359 per
263 308 437 356 evulgatis
464 304 610 340 Chartis
637 302 746 338 ritum
768 301 937 337 dirimen-
1049 303 1151 338 stium
1192 315 1338 337 examen
1385 303 1676 352 confugiebatur:
1721 324 1809 359 quae

180 360 217 396 di
244 355 493 395 controversias
521 367 580 402 per
615 352 713 389 testes
739 352 782 388 de
809 364 875 387 una
903 365 939 388 re
1049 352 1151 389 unica
1177 351 1236 387 via
1264 351 1456 402 supererat.
1495 357 1576 390 Hoc
1612 368 1727 395 autem
1756 375 1809 397 re-

181 409 387 446 concordes:
416 405 478 454 qui
506 404 691 440 familiaris
711 403 854 451 quidem
875 415 938 438 no-
1049 402 1204 438 medium
1232 403 1317 451 juris
1347 405 1402 439 vel
1431 405 1472 440 ab
1500 405 1580 454 ipsis
1617 409 1811 458 Imperato-

178 460 254 496 stris
279 470 419 507 quoque
447 455 663 504 temporibus
690 454 757 497 est,
784 453 839 489 sed
860 455 938 489 Sae-
1049 453 1143 489 ribus
1179 452 1240 488 fibi
1279 455 1510 502 procurabant
1556 456 1679 495 sacrati
1720 461 1812 501 viri.

179 510 269 545 culis
297 508 439 545 rudibus
468 506 651 555 praecipue
687 505 755 540 suit
792 504 829 540 in
857 503 938 540 usu.
1051 503 1105 539 uti
1133 504 1303 540 constabit
1330 519 1371 541 ex
1402 506 1630 555 Diplomate‚
1659 511 1752 558 quod
1774 512 1812 547 in

179 559 484 606 Quotiescumque
511 557 605 592 enirn
633 557 769 591 tabulas
805 553 857 590 sui
886 555 936 602 ju·
1052 553 1278 590 vetustiffimo
1317 557 1461 605 Regesto
1503 558 1684 609 Episcopii
1724 564 1812 600 Cre-

176 611 226 646 ris
263 609 394 647 adferre
440 607 625 657 quisquam
666 619 737 642 non
778 613 940 654 poterat,
1053 605 1221 640 monensls
1249 619 1314 656 ego
1340 609 1429 644 olim
1457 608 1636 658 legebam.

180 726 389 771 Lotharius
420 728 451 767 Ι.
483 728 700 782 Imperator
730 724 980 766 Panchoardo
1029 727 1283 768 Cremonenfi
1329 728 1520 786 Episcopo
1558 729 1808 789 privilegium

326 784 533 838 concedit,
564 796 607 825 ut
638 798 704 840 per
733 782 830 825 solos
862 785 971 825 testes
1003 782 1085 836 jura
1116 784 1201 826 suae
1234 786 1425 830 Ecclefiae
1465 790 1662 846 deperdita

545 856 767 899 recuperare
798 843 934 900 posfit,
963 842 1116 884 circiter
1147 845 1310 886 Annum
1345 848 1442 901 840.

233 963 267 996 N
290 960 413 995 nomine
442 959 574 996 Domini
600 959 695 1002 nostri
712 959 794 1004 Jesu
823 960 942 1001 christi
983 960 1011 993 B
1049 960 1083 994 8<
1119 959 1257 996 nobiles
1292 961 1454 999 homines
1490 962 1595 1011 ipsius
1631 965 1682 1002 ibi
1710 979 1809 1003 com-

254 1012 318 1047 Dei
343 1011 465 1046 eterni.
503 1010 713 1046 Hlotharius
747 1010 864 1044 di'vina
890 1023 937 1043 ον·
1050 1018 1250 1050 manentes,
1277 1011 1459 1060 ubicumque
1493 1017 1531 1048 de
1556 1016 1606 1049 his
1629 1016 1717 1059 Ῐαὲἶα
1738 1018 1811 1061 fue-

179 1061 313 1097 dinante
344 1061 550 1105 providentia
584 1060 781 1107 Imperator
816 1061 937 1105 Augu·
1049 1060 1092 1093 rit
1117 1060 1230 1102 causa,
1254 1074 1305 1096 eas
1331 1065 1495 1108 adquirere
1521 1067 1651 1105 valeat,
1677 1080 1715 1100 ne
1738 1078 1813 1113 pre-

178 1110 263 1146 stus.
289 1110 442 1144 omnibus
461 1109 617 1154 fidelibus
637 1109 750 1154 sam‘le
785 1110 848 1144 Dei
874 1112 938 1143 Ec-
1045 1109 1119 1152 sata
1143 1112 1238 1144 Sedes
1265 1112 1314 1145 nil
1344 1112 1458 1158 injuste
1490 1116 1604 1158 perdat
1631 1116 1702 1155 boc,
1729 1121 1812 1163 quod

179 1160 284 1202 clefie,
312 1160 359 1199 &
387 1160 516 1204 nostris,
553 1161 608 1194 vel
643 1158 762 1194 mm‘lis
797 1163 937 1206 Rempu-
1048 1160 1171 1206 legibus
1196 1161 1307 1195 habere
1328 1164 1522 1209 dignoscitur
1532 1179 1552 1208 ,·
1578 1167 1619 1199 (θ’
1642 1168 1811 1214 volumus,

179 1211 292 1246 blicam
311 1210 629 1253 administrantibus,
656 1219 762 1244 notum
779 1209 843 1254 lit,
863 1211 940 1256 quia
1048 1220 1084 1244 ut
1111 1211 1218 1245 nullus
1241 1214 1449 1248 contradiffor
1474 1216 1513 1249 de
1538 1217 1595 1250 bac
1622 1230 1652 1251 re
1678 1218 1812 1260 existat,

180 1260 424 1297 Panchoardus
463 1260 658 1296 venerabilis
697 1259 938 1296 Cremonensis
1042 1260 1100 1305 sed
1118 1260 1201 1301 sicut
1226 1276 1247 1297 a
1274 1262 1362 1298 „obis
1389 1263 1550 1311 conceffum
1576 1267 1638 1310 est,
1666 1268 1713 1302 ita
1736 1279 1810 1315 per-

178 1310 292 1348 Urbis
320 1310 470 1346 Ecclefie
505 1310 697 1359 Episcopus
722 1310 817 1354 petiit
841 1312 938 1345 excel·
1048 1322 1192 1347 maneat.
1223 1315 1270 1347 Et
1296 1324 1331 1347 ut
1357 1314 1429 1349 haec
1455 1316 1557 1358 nostra
1585 1318 1723 1362 conceffio
1743 1318 1809 1363 fir-

180 1361 312 1396 lentiam
347 1361 501 1404 nostram,
528 1371 564 1395 ut
587 1372 643 1405 per
673 1362 804 1403 nostram
830 1360 938 1396 auc‘lo—
1049 1361 1125 1394 mior
1159 1361 1332 1408 habeatur,
1363 1365 1417 1398 vel
1452 1379 1474 1400 a
1508 1367 1627 1401 cun-siis
1655 1368 1811 1412 fidelibus

178 1411 304 1447 ritatem
328 1413 552 1445 concederemus
577 1412 626 1450 ei,
652 1421 688 1445 ut
710 1411 847 1457 quicquit
868 1422 939 1457 pre·
961 1390 1010 1451 'C
1048 1411 1156 1452 nostris
1183 1413 1294 1447 melius
1329 1415 1543 1457 conservetur,
1570 1418 1608 1450 de
1634 1420 1728 1453 anulo
1755 1433 1812 1454 no·

177 1459 268 1495 dicia
305 1463 398 1494 Sedes
424 1461 464 1494 de
500 1462 587 1494 rebus
613 1461 668 1494 vel
701 1463 740 1493 de
774 1461 939 1506 mancipiis
1042 1461 1107 1503 stro
1138 1460 1244 1504 subter
1276 1462 1421 1508 juffimus
1450 1465 1618 1512 sigillari.
1657 1468 1812 1515 (Cetera

179 1509 294 1555 injuste
327 1510 543 1557 privaverat,
580 1522 640 1558 per
674 1508 937 1556 inquisitionem
1049 1510 1332 1562 defiderantur.)

179 1560 218 1596 in
246 1560 463 1608 quibuslibet
489 1559 578 1595 locis
612 1560 822 1606 redintegrare
847 1561 937 1593 vale-

179 1620 244 1646 ret.
272 1610 373 1654 Cujus
395 1609 538 1657 precibus
557 1608 595 1645 ob
615 1610 822 1644 reverentiam
845 1609 938 1655 ipsius
1099 1612 1224 1658 Neque
1252 1610 1364 1660 segnis
1390 1612 1460 1649 fuit
1485 1613 1580 1651 idem
1610 1618 1808 1656 Panchoar.

181 1660 316 1702 Ecclefie
337 1661 527 1707 adquiescere
545 1660 686 1707 placuit,
705 1662 784 1694 hanc
808 1659 939 1701 nostram
1048 1659 1110 1696 dus
1137 1661 1329 1709 Episcopus
1355 1662 1393 1698 in
1421 1664 1650 1712 inquisitione
1678 1669 1807 1716 jurium

178 1710 396 1745 affinitatem
415 1710 492 1755 fieri
513 1710 678 1756 juffimus,
701 1721 757 1756 per
790 1722 884 1755 quam
910 1709 939 1742 ei
1018 1726 1024 1769 Ι
1049 1709 1126 1746 suae
1163 1711 1355 1756 Ecclesiae,
1382 1715 1416 1748 8<
1458 1715 1494 1749 in
1524 1716 1584 1752 usu
1622 1719 1809 1768 Privilegii

176 1760 365 1794 concedimus
400 1770 494 1806 atque
530 1759 767 1804 confirmamus,
794 1769 830 1792 ut
865 1758 936 1793 ubi·
1050 1759 1110 1796 fibi
1148 1761 1318 1798 conceffi.
1355 1764 1458 1799 Hanc
1486 1764 1523 1800 in
1560 1779 1631 1802 rem
1661 1769 1808 1818 dignum

177 1822 303 1857 cumque
339 1810 408 1854 ipsa
435 1811 530 1844 Sedes
564 1810 691 1856 aliquid
726 1808 840 1853 injuste
866 1810 934 1856 pri·
1050 1811 1150 1856 plane
1187 1813 1326 1859 publica
1362 1814 1440 1849 luce
1475 1815 1596 1851 censeo
1632 1819 1807 1856 Placitum

179 1871 291 1895 vatum
317 1860 411 1895 habet
436 1871 501 1894 tam
524 1861 564 1894 de
586 1861 694 1899 rebus,
717 1872 868 1906 quamque
894 1860 937 1893 &
1047 1862 1244 1897 Cremonae
1279 1862 1464 1908 habitum,
1495 1867 1588 1912 quod
1625 1868 1715 1904 mihi
1756 1870 1810 1905 su-

179 1912 218 1946 de
243 1911 429 1957 mancipiis,
456 1910 493 1945 in
520 1910 647 1958 quibus
674 1910 763 1945 locis
791 1909 935 1956 inquifi-
1049 1923 1107 1956 pra
1143 1911 1321 1948 laudatum
1360 1913 1589 1952 chartarium
1626 1919 1808 1970 Episcopii

178 1960 232 1997 tio
259 1960 350 1997 faRa
377 1959 482 1996 fuerit
509 1974 570 2010 per
597 1961 706 1997 bonos
735 1961 770 1996 &
800 1973 935 1996 veraces
1019 1963 1024 2001 Ι
1047 1959 1292 1999 Cremonensis
1320 1963 1580 2013 suppeditavit.

180 2070 448 2113 Panchoardus
496 2072 767 2114 Cremonensis
809 2069 1017 2127 Episcopus
1065 2085 1200 2113 coram
1245 2072 1431 2130 Adelgiso
1478 2075 1641 2118 Comite
1691 2079 1808 2124 Miffo

255 2129 448 2172 Ludovici
480 2133 527 2172 II>
564 2129 812 2187 Imperatoris
843 2130 884 2171 in
917 2129 1066 2171 Placito
1098 2133 1377 2185 Cremonenfi,
1408 2134 1517 2175 testes
1548 2135 1731 2193 adducit,

337 2199 382 2230 ut
419 2190 555 2245 probet
593 2189 774 2245 quasdam
815 2190 955 2230 Curtes
996 2203 1085 2229 cum
1127 2188 1213 2230 aliis
1253 2189 1399 2244 juribus
1437 2207 1460 2233 a
1501 2194 1648 2237 Carolo

494 2249 647 2302 Magno
690 2247 879 2290 Ecclesiae
921 2246 1006 2288 suae
1046 2247 1236 2299 donatas,
1277 2251 1316 2290 δε
1355 2264 1379 2292 a
1417 2250 1491 2293 suis

602 2306 895 2349 antecessoribus
922 2304 1114 2362 possessas,
1136 2308 1258 2349 Anno
1282 2309 1381 2364 842.

224 2415 260 2448 N
281 2412 400 2453 Christi
433 2413 573 2449 nomine.
610 2416 698 2449 Dum
721 2423 776 2459 per
798 2413 932 2456 sanh‘lio—
973 2415 1001 2448 E

1046 2413 1273 2463 Imperatoris
1312 2416 1524 2467 Adelghisus
1563 2423 1693 2458 Comes
1730 2426 1806 2457 Cre-

248 2477 316 2498 nem
335 2464 412 2503 [acri
427 2464 586 2510 Principis
600 2463 647 2502 &⁰
655 2464 839 2509 seremffivm'
857 2465 931 2499 Au·
1047 2479 1169 2501 monam
1194 2467 1390 2514 adveniffi’t,
1415 2473 1458 2504 ad
1486 2472 1725 2517 perquirendum
1753 2474 1805 2507 in·-

176 2513 261 2562 gusti
276 2514 474 2602 gffdijiii
507 2515 619 2563 magni
652 2516 697 2550 (9⁶
724 2513 933 2561 gloriostffimi
1038 2515 1157 2600 figuti?
1181 2519 1343 2564 Precepti,
1369 2532 1427 2566 que
1448 2531 1505 2567 per
1536 2521 1803 2607 Stephastijenelju-
