<?xml version="1.0" encoding="UTF-8"?>
<!DOCTYPE html PUBLIC "-//W3C//DTD XHTML 1.0 Transitional//EN"
    "http://www.w3.org/TR/xhtml1/DTD/xhtml1-transitional.dtd">
<html xmlns="http://www.w3.org/1999/xhtml" xml:lang="en" lang="en">
 <head>
  <title>
</title>
<meta http-equiv="Content-Type" content="text/html;charset=utf-8" />
  <meta name='ocr-system' content='tesseract 3.04.00' />
  <meta name='ocr-capabilities' content='ocr_page ocr_carea ocr_par ocr_line ocrx_word'/>
</head>
<body>
  <div class='ocr_page' id='page_1' title='image "antiquitatesital06mura_0506.png"; bbox 0 0 2169 3047; ppageno 0'>
   <div class='ocr_carea' id='block_1_1' title="bbox 285 229 1063 2600">
    <p class='ocr_par' dir='ltr' id='par_1_1' title="bbox 329 229 1047 620">
     <span class='ocr_line' id='line_1_1' title="bbox 349 230 426 258; baseline -0.026 0"><span class='ocrx_word' id='word_1_1' title='bbox 349 230 426 258; x_wconf 64' lang='lat'>102</span> 
     </span>
     <span class='ocr_line' id='line_1_2' title="bbox 334 229 1045 318; baseline -0.017 -10"><span class='ocrx_word' id='word_1_2' title='bbox 334 229 454 318; x_wconf 54' lang='lat' dir='ltr'>Quarg</span> <span class='ocrx_word' id='word_1_3' title='bbox 481 283 498 305; x_wconf 90' lang='lat' dir='ltr'>e</span> <span class='ocrx_word' id='word_1_4' title='bbox 526 280 653 317; x_wconf 81' lang='lat' dir='ltr'>nupera</span> <span class='ocrx_word' id='word_1_5' title='bbox 689 266 846 302; x_wconf 84' lang='lat' dir='ltr'>editione</span> <span class='ocrx_word' id='word_1_6' title='bbox 880 262 1045 298; x_wconf 87' lang='lat' dir='ltr'>Vocabu-</span> 
     </span>
     <span class='ocr_line' id='line_1_3' title="bbox 336 313 1045 370; baseline -0.018 -11"><span class='ocrx_word' id='word_1_7' title='bbox 336 322 418 359; x_wconf 83' lang='lat' dir='ltr'>larii</span> <span class='ocrx_word' id='word_1_8' title='bbox 438 320 587 370; x_wconf 84' lang='lat' dir='ltr'>ejusdem</span> <span class='ocrx_word' id='word_1_9' title='bbox 610 317 822 367; x_wconf 66' lang='lat' dir='ltr'>expun&amp;um</span> <span class='ocrx_word' id='word_1_10' title='bbox 846 315 962 350; x_wconf 83' lang='lat' dir='ltr'>videas</span> <span class='ocrx_word' id='word_1_11' title='bbox 982 313 1045 347; x_wconf 80' lang='lat' dir='ltr'>Bi-</span> 
     </span>
     <span class='ocr_line' id='line_1_4' title="bbox 331 365 1046 418; baseline -0.013 -10"><span class='ocrx_word' id='word_1_12' title='bbox 331 374 495 417; x_wconf 73' lang='lat' dir='ltr'>stendare.</span> <span class='ocrx_word' id='word_1_13' title='bbox 523 373 642 418; x_wconf 88' lang='lat' dir='ltr'>Atque</span> <span class='ocrx_word' id='word_1_14' title='bbox 670 368 747 404; x_wconf 86' lang='lat' dir='ltr'>heic</span> <span class='ocrx_word' id='word_1_15' title='bbox 783 365 1046 411; x_wconf 82' lang='lat' dir='ltr'>animadverte,</span> 
     </span>
     <span class='ocr_line' id='line_1_5' title="bbox 338 418 1046 461; baseline -0.016 0"><span class='ocrx_word' id='word_1_16' title='bbox 338 424 505 460; x_wconf 83' lang='lat' dir='ltr'>Italicum</span> <span class='ocrx_word' id='word_1_17' title='bbox 541 425 645 456; x_wconf 76' lang='lat' dir='ltr'>storto</span> <span class='ocrx_word' id='word_1_18' title='bbox 679 432 750 454; x_wconf 91' lang='lat' dir='ltr'>non</span> <span class='ocrx_word' id='word_1_19' title='bbox 789 418 830 453; x_wconf 77' lang='lat' dir='ltr'>ab</span> <span class='ocrx_word' id='word_1_20' title='bbox 867 420 1046 461; x_wconf 71' lang='lat' dir='ltr'>Extortus,</span> 
     </span>
     <span class='ocr_line' id='line_1_6' title="bbox 338 466 1047 519; baseline -0.013 -8"><span class='ocrx_word' id='word_1_21' title='bbox 338 475 394 511; x_wconf 81' lang='lat' dir='ltr'>sed</span> <span class='ocrx_word' id='word_1_22' title='bbox 423 489 442 510; x_wconf 88' lang='lat' dir='ltr'>a</span> <span class='ocrx_word' id='word_1_23' title='bbox 469 473 624 516; x_wconf 78' lang='lat' dir='ltr'>Biflortus</span> <span class='ocrx_word' id='word_1_24' title='bbox 659 469 841 519; x_wconf 81' lang='lat' dir='ltr'>prodiiffe.</span> <span class='ocrx_word' id='word_1_25' title='bbox 879 466 938 502; x_wconf 75' lang='lat' dir='ltr'>Usi</span> <span class='ocrx_word' id='word_1_26' title='bbox 968 466 1047 503; x_wconf 85' lang='lat' dir='ltr'>sunt</span> 
     </span>
     <span class='ocr_line' id='line_1_7' title="bbox 336 518 1047 574; baseline -0.015 -11"><span class='ocrx_word' id='word_1_27' title='bbox 336 539 477 574; x_wconf 81' lang='lat' dir='ltr'>quoque</span> <span class='ocrx_word' id='word_1_28' title='bbox 504 522 695 571; x_wconf 87' lang='lat' dir='ltr'>Scriptores</span> <span class='ocrx_word' id='word_1_29' title='bbox 731 518 840 556; x_wconf 85' lang='lat' dir='ltr'>Tusci</span> <span class='ocrx_word' id='word_1_30' title='bbox 868 531 955 554; x_wconf 91' lang='lat' dir='ltr'>voce</span> <span class='ocrx_word' id='word_1_31' title='bbox 984 519 1047 553; x_wconf 85' lang='lat' dir='ltr'>Bi-</span> 
     </span>
     <span class='ocr_line' id='line_1_8' title="bbox 329 578 448 620; baseline 0 -9"><span class='ocrx_word' id='word_1_32' title='bbox 329 578 448 620; x_wconf 77' lang='lat' dir='ltr'>storto.</span> 
     </span>
    </p>

    <p class='ocr_par' dir='ltr' id='par_1_2' title="bbox 285 620 1049 724">
     <span class='ocr_line' id='line_1_9' title="bbox 285 620 1049 674; baseline -0.013 -10"><span class='ocrx_word' id='word_1_33' title='bbox 285 629 424 674; x_wconf 56' lang='grc' dir='ltr'>δείξῃ.</span> <span class='ocrx_word' id='word_1_34' title='bbox 462 625 553 662; x_wconf 89' lang='lat' dir='ltr'>Vide</span> <span class='ocrx_word' id='word_1_35' title='bbox 594 623 692 673; x_wconf 89' lang='lat' dir='ltr'>supra</span> <span class='ocrx_word' id='word_1_36' title='bbox 733 620 775 657; x_wconf 86' lang='lat' dir='ltr'>ad</span> <span class='ocrx_word' id='word_1_37' title='bbox 815 620 959 657; x_wconf 82' lang='lat' dir='ltr'>verbum</span> <span class='ocrx_word' id='word_1_38' title='bbox 992 623 1049 656; x_wconf 73' lang='lat' dir='ltr'>A-</span> 
     </span>
     <span class='ocr_line' id='line_1_10' title="bbox 338 681 492 724; baseline -0.013 -11"><span class='ocrx_word' id='word_1_39' title='bbox 338 681 492 724; x_wconf 57' lang='lat' dir='ltr'>dizzare.</span> 
     </span>
    </p>

    <p class='ocr_par' dir='ltr' id='par_1_3' title="bbox 287 721 1063 2600">
     <span class='ocr_line' id='line_1_11' title="bbox 287 721 1048 771; baseline -0.009 -8"><span class='ocrx_word' id='word_1_40' title='bbox 287 730 449 763; x_wconf 79' lang='lat' dir='ltr'>Stordire.</span> <span class='ocrx_word' id='word_1_41' title='bbox 477 725 710 769; x_wconf 82' lang='lat' dir='ltr'>Attonitum,</span> <span class='ocrx_word' id='word_1_42' title='bbox 739 723 795 759; x_wconf 91' lang='lat' dir='ltr'>seu</span> <span class='ocrx_word' id='word_1_43' title='bbox 819 721 989 771; x_wconf 84' lang='lat' dir='ltr'>stupidum</span> <span class='ocrx_word' id='word_1_44' title='bbox 1018 721 1048 757; x_wconf 92' lang='lat' dir='ltr'>i-</span> 
     </span>
     <span class='ocr_line' id='line_1_12' title="bbox 339 772 1048 826; baseline -0.01 -11"><span class='ocrx_word' id='word_1_45' title='bbox 339 779 397 814; x_wconf 65' lang='lat' dir='ltr'>&amp;a</span> <span class='ocrx_word' id='word_1_46' title='bbox 428 787 488 814; x_wconf 90' lang='lat' dir='ltr'>aut</span> <span class='ocrx_word' id='word_1_47' title='bbox 524 777 665 826; x_wconf 88' lang='lat' dir='ltr'>strepitu</span> <span class='ocrx_word' id='word_1_48' title='bbox 701 774 856 822; x_wconf 85' lang='lat' dir='ltr'>aliquem</span> <span class='ocrx_word' id='word_1_49' title='bbox 893 772 1048 808; x_wconf 87' lang='lat' dir='ltr'>efficere.</span> 
     </span>
     <span class='ocr_line' id='line_1_13' title="bbox 338 822 1050 872; baseline -0.01 -7"><span class='ocrx_word' id='word_1_50' title='bbox 338 829 424 866; x_wconf 85' lang='lat' dir='ltr'>Inde</span> <span class='ocrx_word' id='word_1_51' title='bbox 451 828 608 864; x_wconf 78' lang='lat' dir='ltr'>Stordito.</span> <span class='ocrx_word' id='word_1_52' title='bbox 644 825 804 862; x_wconf 85' lang='lat' dir='ltr'>Gallicae</span> <span class='ocrx_word' id='word_1_53' title='bbox 840 837 978 872; x_wconf 89' lang='lat' dir='ltr'>quoque</span> <span class='ocrx_word' id='word_1_54' title='bbox 1006 822 1050 858; x_wconf 88' lang='lat' dir='ltr'>est</span> 
     </span>
     <span class='ocr_line' id='line_1_14' title="bbox 338 873 1047 928; baseline -0.013 -11"><span class='ocrx_word' id='word_1_55' title='bbox 338 881 502 928; x_wconf 85' lang='lat' dir='ltr'>Linguae</span> <span class='ocrx_word' id='word_1_56' title='bbox 538 878 726 921; x_wconf 76' lang='lat' dir='ltr'>Ellourdir,</span> <span class='ocrx_word' id='word_1_57' title='bbox 764 875 932 919; x_wconf 79' lang='lat' dir='ltr'>Estourdi.</span> <span class='ocrx_word' id='word_1_58' title='bbox 969 873 1047 909; x_wconf 90' lang='lat' dir='ltr'>Me—</span> 
     </span>
     <span class='ocr_line' id='line_1_15' title="bbox 339 925 1047 980; baseline -0.013 -13"><span class='ocrx_word' id='word_1_59' title='bbox 339 932 481 980; x_wconf 84' lang='lat' dir='ltr'>nagium</span> <span class='ocrx_word' id='word_1_60' title='bbox 512 929 614 970; x_wconf 87' lang='lat' dir='ltr'>audi,</span> <span class='ocrx_word' id='word_1_61' title='bbox 643 932 695 964; x_wconf 87' lang='lat' dir='ltr'>Da</span> <span class='ocrx_word' id='word_1_62' title='bbox 724 927 889 969; x_wconf 72' lang='lat' dir='ltr'>stolidus,</span> <span class='ocrx_word' id='word_1_63' title='bbox 916 925 1047 960; x_wconf 70' lang='lat' dir='ltr'>stolidi-</span> 
     </span>
     <span class='ocr_line' id='line_1_16' title="bbox 339 977 1051 1024; baseline -0.01 -8"><span class='ocrx_word' id='word_1_64' title='bbox 339 996 392 1022; x_wconf 58' lang='grc' dir='ltr'>γε,</span> <span class='ocrx_word' id='word_1_65' title='bbox 420 982 593 1024; x_wconf 74' lang='lat' dir='ltr'>stolidito,</span> <span class='ocrx_word' id='word_1_66' title='bbox 617 979 775 1019; x_wconf 74' lang='lat' dir='ltr'>stoldito,</span> <span class='ocrx_word' id='word_1_67' title='bbox 798 977 958 1012; x_wconf 77' lang='lat' dir='ltr'>Stordito.</span> <span class='ocrx_word' id='word_1_68' title='bbox 983 980 1051 1010; x_wconf 85' lang='lat' dir='ltr'>Ov-</span> 
     </span>
     <span class='ocr_line' id='line_1_17' title="bbox 340 1028 1050 1078; baseline -0.01 -10"><span class='ocrx_word' id='word_1_69' title='bbox 340 1046 414 1067; x_wconf 71' lang='lat' dir='ltr'>vero</span> <span class='ocrx_word' id='word_1_70' title='bbox 439 1036 483 1068; x_wconf 80' lang='lat' dir='ltr'>da</span> <span class='ocrx_word' id='word_1_71' title='bbox 509 1035 636 1076; x_wconf 73' lang='lat' dir='ltr'>storpeo</span> <span class='ocrx_word' id='word_1_72' title='bbox 663 1028 939 1078; x_wconf 80' lang='lat' dir='ltr'>(Americanum</span> <span class='ocrx_word' id='word_1_73' title='bbox 974 1040 1050 1062; x_wconf 83' lang='lat' dir='ltr'>ver-</span> 
     </span>
     <span class='ocr_line' id='line_1_18' title="bbox 341 1080 1050 1130; baseline -0.014 -10"><span class='ocrx_word' id='word_1_74' title='bbox 341 1084 424 1119; x_wconf 74' lang='lat' dir='ltr'>bum</span> <span class='ocrx_word' id='word_1_75' title='bbox 464 1091 570 1130; x_wconf 70' lang='lat' dir='ltr'>puto,</span> <span class='ocrx_word' id='word_1_76' title='bbox 603 1095 671 1117; x_wconf 92' lang='lat' dir='ltr'>non</span> <span class='ocrx_word' id='word_1_77' title='bbox 710 1080 906 1126; x_wconf 87' lang='lat' dir='ltr'>Latinum)</span> <span class='ocrx_word' id='word_1_78' title='bbox 935 1081 1050 1112; x_wconf 75' lang='lat' dir='ltr'>Extor-</span> 
     </span>
     <span class='ocr_line' id='line_1_19' title="bbox 338 1128 1051 1178; baseline -0.011 -10"><span class='ocrx_word' id='word_1_79' title='bbox 338 1145 418 1178; x_wconf 77' lang='lat' dir='ltr'>pw,</span> <span class='ocrx_word' id='word_1_80' title='bbox 456 1134 629 1177; x_wconf 68' lang='grc' dir='ltr'>Εκηινρὶο,</span> <span class='ocrx_word' id='word_1_81' title='bbox 667 1131 854 1176; x_wconf 70' lang='grc' dir='ltr'><em>Εκτονρὶνε,</em></span> <span class='ocrx_word' id='word_1_82' title='bbox 891 1128 1051 1174; x_wconf 54' lang='lat' dir='ltr'>stomin,</span> 
     </span>
     <span class='ocr_line' id='line_1_20' title="bbox 341 1179 1052 1225; baseline -0.01 -6"><span class='ocrx_word' id='word_1_83' title='bbox 341 1184 502 1219; x_wconf 72' lang='lat' dir='ltr'>Stordire.</span> <span class='ocrx_word' id='word_1_84' title='bbox 538 1183 604 1217; x_wconf 57' lang='lat' dir='ltr'>Pio</span> <span class='ocrx_word' id='word_1_85' title='bbox 633 1181 834 1225; x_wconf 70' lang='lat' dir='ltr'>m’aggrada</span> <span class='ocrx_word' id='word_1_86' title='bbox 875 1180 909 1212; x_wconf 85' lang='lat' dir='ltr'>Ia</span> <span class='ocrx_word' id='word_1_87' title='bbox 948 1179 1052 1223; x_wconf 80' lang='lat' dir='ltr'>prima</span> 
     </span>
     <span class='ocr_line' id='line_1_21' title="bbox 343 1227 1052 1275; baseline -0.01 -7"><span class='ocrx_word' id='word_1_88' title='bbox 343 1234 506 1269; x_wconf 76' lang='lat' dir='ltr'>maniera.</span> <span class='ocrx_word' id='word_1_89' title='bbox 549 1231 654 1269; x_wconf 86' lang='lat' dir='ltr'>Nihil</span> <span class='ocrx_word' id='word_1_90' title='bbox 683 1230 830 1266; x_wconf 85' lang='lat' dir='ltr'>difficile</span> <span class='ocrx_word' id='word_1_91' title='bbox 860 1227 1052 1275; x_wconf 83' lang='lat' dir='ltr'>Menagio,</span> 
     </span>
     <span class='ocr_line' id='line_1_22' title="bbox 343 1277 1052 1331; baseline -0.016 -12"><span class='ocrx_word' id='word_1_92' title='bbox 343 1285 473 1331; x_wconf 83' lang='lat' dir='ltr'>quippe</span> <span class='ocrx_word' id='word_1_93' title='bbox 501 1283 596 1327; x_wconf 84' lang='lat' dir='ltr'>cujus</span> <span class='ocrx_word' id='word_1_94' title='bbox 619 1281 762 1326; x_wconf 86' lang='lat' dir='ltr'>ingenio</span> <span class='ocrx_word' id='word_1_95' title='bbox 790 1278 892 1311; x_wconf 84' lang='lat' dir='ltr'>facile</span> <span class='ocrx_word' id='word_1_96' title='bbox 916 1278 959 1310; x_wconf 86' lang='lat' dir='ltr'>est</span> <span class='ocrx_word' id='word_1_97' title='bbox 983 1277 1052 1309; x_wconf 88' lang='lat' dir='ltr'>sca-</span> 
     </span>
     <span class='ocr_line' id='line_1_23' title="bbox 343 1324 1053 1376; baseline -0.013 -8"><span class='ocrx_word' id='word_1_98' title='bbox 343 1335 393 1368; x_wconf 84' lang='lat' dir='ltr'>las</span> <span class='ocrx_word' id='word_1_99' title='bbox 431 1331 625 1369; x_wconf 82' lang='lat' dir='ltr'>fabricare,</span> <span class='ocrx_word' id='word_1_100' title='bbox 664 1342 723 1376; x_wconf 81' lang='lat' dir='ltr'>per</span> <span class='ocrx_word' id='word_1_101' title='bbox 749 1340 833 1374; x_wconf 85' lang='lat' dir='ltr'>quas</span> <span class='ocrx_word' id='word_1_102' title='bbox 862 1325 899 1360; x_wconf 89' lang='lat' dir='ltr'>in</span> <span class='ocrx_word' id='word_1_103' title='bbox 927 1324 1053 1359; x_wconf 87' lang='lat' dir='ltr'>abstru-</span> 
     </span>
     <span class='ocr_line' id='line_1_24' title="bbox 343 1375 1054 1430; baseline -0.015 -11"><span class='ocrx_word' id='word_1_104' title='bbox 343 1384 376 1419; x_wconf 74' lang='lat' dir='ltr'>sa</span> <span class='ocrx_word' id='word_1_105' title='bbox 405 1395 560 1430; x_wconf 87' lang='lat' dir='ltr'>quaeque</span> <span class='ocrx_word' id='word_1_106' title='bbox 589 1381 665 1416; x_wconf 87' lang='lat' dir='ltr'>loca</span> <span class='ocrx_word' id='word_1_107' title='bbox 696 1386 870 1427; x_wconf 84' lang='lat' dir='ltr'>penetret.</span> <span class='ocrx_word' id='word_1_108' title='bbox 899 1375 957 1411; x_wconf 91' lang='lat' dir='ltr'>Ab</span> <span class='ocrx_word' id='word_1_109' title='bbox 985 1378 1054 1409; x_wconf 78' lang='lat' dir='ltr'>Ex-</span> 
     </span>
     <span class='ocr_line' id='line_1_25' title="bbox 338 1426 1056 1481; baseline -0.011 -12"><span class='ocrx_word' id='word_1_110' title='bbox 338 1435 492 1481; x_wconf 64' lang='lat' dir='ltr'>fierdatus</span> <span class='ocrx_word' id='word_1_111' title='bbox 528 1433 615 1468; x_wconf 86' lang='lat' dir='ltr'>hanc</span> <span class='ocrx_word' id='word_1_112' title='bbox 653 1442 774 1465; x_wconf 86' lang='lat' dir='ltr'>vocem</span> <span class='ocrx_word' id='word_1_113' title='bbox 814 1440 883 1463; x_wconf 90' lang='lat' dir='ltr'>non</span> <span class='ocrx_word' id='word_1_114' title='bbox 918 1426 1056 1461; x_wconf 85' lang='lat' dir='ltr'>felicio—</span> 
     </span>
     <span class='ocr_line' id='line_1_26' title="bbox 344 1478 1054 1522; baseline -0.015 0"><span class='ocrx_word' id='word_1_115' title='bbox 344 1485 376 1522; x_wconf 85' lang='lat' dir='ltr'>ri</span> <span class='ocrx_word' id='word_1_116' title='bbox 403 1484 560 1520; x_wconf 66' lang='lat' dir='ltr'>minerva</span> <span class='ocrx_word' id='word_1_117' title='bbox 585 1481 730 1517; x_wconf 79' lang='lat' dir='ltr'>deduxit</span> <span class='ocrx_word' id='word_1_118' title='bbox 756 1478 952 1515; x_wconf 78' lang='lat' dir='ltr'>Ferrarius.</span> <span class='ocrx_word' id='word_1_119' title='bbox 980 1478 1054 1512; x_wconf 88' lang='lat' dir='ltr'>No·</span> 
     </span>
     <span class='ocr_line' id='line_1_27' title="bbox 345 1528 1056 1580; baseline -0.015 -8"><span class='ocrx_word' id='word_1_120' title='bbox 345 1536 399 1572; x_wconf 84' lang='lat' dir='ltr'>bis</span> <span class='ocrx_word' id='word_1_121' title='bbox 424 1535 468 1570; x_wconf 79' lang='lat' dir='ltr'>est</span> <span class='ocrx_word' id='word_1_122' title='bbox 493 1533 683 1580; x_wconf 70' lang='lat' dir='ltr'>Affordare,</span> <span class='ocrx_word' id='word_1_123' title='bbox 709 1529 745 1567; x_wconf 73' lang='grc' dir='ltr'>ὃ(</span> <span class='ocrx_word' id='word_1_124' title='bbox 772 1528 955 1574; x_wconf 74' lang='lat' dir='ltr'>Affordire.</span> <span class='ocrx_word' id='word_1_125' title='bbox 981 1528 1056 1563; x_wconf 85' lang='lat' dir='ltr'>Ad—</span> 
     </span>
     <span class='ocr_line' id='line_1_28' title="bbox 345 1580 1057 1627; baseline -0.01 -5"><span class='ocrx_word' id='word_1_126' title='bbox 345 1587 442 1622; x_wconf 70' lang='lat' dir='ltr'>ditur</span> <span class='ocrx_word' id='word_1_127' title='bbox 482 1589 521 1619; x_wconf 91' lang='lat' dir='ltr'>T.</span> <span class='ocrx_word' id='word_1_128' title='bbox 563 1584 598 1619; x_wconf 84' lang='lat' dir='ltr'>in</span> <span class='ocrx_word' id='word_1_129' title='bbox 636 1582 802 1623; x_wconf 78' lang='lat' dir='ltr'>Stordire‚</span> <span class='ocrx_word' id='word_1_130' title='bbox 846 1589 950 1627; x_wconf 89' lang='lat' dir='ltr'>atque</span> <span class='ocrx_word' id='word_1_131' title='bbox 991 1580 1057 1615; x_wconf 86' lang='lat' dir='ltr'>hoc</span> 
     </span>
     <span class='ocr_line' id='line_1_29' title="bbox 346 1630 1058 1684; baseline -0.011 -12"><span class='ocrx_word' id='word_1_132' title='bbox 346 1637 451 1673; x_wconf 82' lang='lat' dir='ltr'>aliam</span> <span class='ocrx_word' id='word_1_133' title='bbox 499 1635 674 1684; x_wconf 81' lang='lat' dir='ltr'>originem</span> <span class='ocrx_word' id='word_1_134' title='bbox 717 1632 881 1668; x_wconf 85' lang='lat' dir='ltr'>indicat.</span> <span class='ocrx_word' id='word_1_135' title='bbox 922 1630 1058 1678; x_wconf 86' lang='lat' dir='ltr'>Accipe</span> 
     </span>
     <span class='ocr_line' id='line_1_30' title="bbox 345 1681 1054 1734; baseline -0.011 -11"><span class='ocrx_word' id='word_1_136' title='bbox 345 1701 460 1728; x_wconf 72' lang='lat' dir='ltr'>nune,</span> <span class='ocrx_word' id='word_1_137' title='bbox 485 1685 521 1721; x_wconf 83' lang='lat'>&amp;</span> <span class='ocrx_word' id='word_1_138' title='bbox 547 1685 717 1734; x_wconf 75' lang='lat' dir='ltr'>perpende</span> <span class='ocrx_word' id='word_1_139' title='bbox 738 1681 973 1731; x_wconf 63' lang='lat' dir='ltr'>conjec‘iuram</span> <span class='ocrx_word' id='word_1_140' title='bbox 996 1681 1054 1716; x_wconf 91' lang='lat' dir='ltr'>do-</span> 
     </span>
     <span class='ocr_line' id='line_1_31' title="bbox 345 1733 1058 1784; baseline -0.01 -10"><span class='ocrx_word' id='word_1_141' title='bbox 345 1737 489 1775; x_wconf 69' lang='lat' dir='ltr'>‹stiffimi</span> <span class='ocrx_word' id='word_1_142' title='bbox 520 1735 728 1784; x_wconf 82' lang='lat' dir='ltr'>Du-Cangii</span> <span class='ocrx_word' id='word_1_143' title='bbox 756 1735 792 1770; x_wconf 89' lang='lat' dir='ltr'>in</span> <span class='ocrx_word' id='word_1_144' title='bbox 821 1733 967 1769; x_wconf 80' lang='lat' dir='ltr'>Gloffar.</span> <span class='ocrx_word' id='word_1_145' title='bbox 989 1733 1058 1768; x_wconf 72' lang='lat' dir='ltr'>La-</span> 
     </span>
     <span class='ocr_line' id='line_1_32' title="bbox 347 1783 1058 1831; baseline -0.011 -5"><span class='ocrx_word' id='word_1_146' title='bbox 347 1791 415 1826; x_wconf 83' lang='lat' dir='ltr'>tin.</span> <span class='ocrx_word' id='word_1_147' title='bbox 447 1788 489 1824; x_wconf 90' lang='lat' dir='ltr'>ad</span> <span class='ocrx_word' id='word_1_148' title='bbox 523 1801 646 1824; x_wconf 87' lang='lat' dir='ltr'>vocem</span> <span class='ocrx_word' id='word_1_149' title='bbox 681 1790 872 1829; x_wconf 65' lang='lat' dir='ltr'>Stomatas,</span> <span class='ocrx_word' id='word_1_150' title='bbox 903 1783 1058 1831; x_wconf 82' lang='lat' dir='ltr'>putantis</span> 
     </span>
     <span class='ocr_line' id='line_1_33' title="bbox 348 1836 1058 1886; baseline -0.01 -11"><span class='ocrx_word' id='word_1_151' title='bbox 348 1855 368 1877; x_wconf 83' lang='lat' dir='ltr'>e</span> <span class='ocrx_word' id='word_1_152' title='bbox 400 1844 566 1879; x_wconf 65' lang='lat' dir='ltr'>stomun,</span> <span class='ocrx_word' id='word_1_153' title='bbox 602 1836 852 1886; x_wconf 69' lang='lat' dir='ltr'>(significante</span> <span class='ocrx_word' id='word_1_154' title='bbox 887 1838 1058 1882; x_wconf 85' lang='lat' dir='ltr'>Pugnam,</span> 
     </span>
     <span class='ocr_line' id='line_1_34' title="bbox 350 1885 1057 1939; baseline -0.01 -12"><span class='ocrx_word' id='word_1_155' title='bbox 350 1891 443 1939; x_wconf 82' lang='lat' dir='ltr'>quod</span> <span class='ocrx_word' id='word_1_156' title='bbox 472 1901 605 1927; x_wconf 80' lang='lat' dir='ltr'>veteres</span> <span class='ocrx_word' id='word_1_157' title='bbox 633 1888 731 1924; x_wconf 88' lang='lat' dir='ltr'>Galli</span> <span class='ocrx_word' id='word_1_158' title='bbox 758 1886 943 1924; x_wconf 61' lang='lat' dir='ltr'>vernacula</span> <span class='ocrx_word' id='word_1_159' title='bbox 971 1885 1057 1921; x_wconf 89' lang='lat' dir='ltr'>Lin-</span> 
     </span>
     <span class='ocr_line' id='line_1_35' title="bbox 352 1937 1060 1991; baseline -0.008 -14"><span class='ocrx_word' id='word_1_160' title='bbox 352 1942 419 1991; x_wconf 65' lang='lat' dir='ltr'>gufi</span> <span class='ocrx_word' id='word_1_161' title='bbox 457 1943 678 1989; x_wconf 80' lang='lat' dir='ltr'>appellabant</span> <span class='ocrx_word' id='word_1_162' title='bbox 716 1940 860 1986; x_wconf 78' lang='lat' dir='ltr'>Eftour)</span> <span class='ocrx_word' id='word_1_163' title='bbox 900 1937 1060 1973; x_wconf 83' lang='lat' dir='ltr'>efforma-</span> 
     </span>
     <span class='ocr_line' id='line_1_36' title="bbox 351 1987 1059 2029; baseline -0.007 0"><span class='ocrx_word' id='word_1_164' title='bbox 351 2003 428 2029; x_wconf 78' lang='lat' dir='ltr'>tum</span> <span class='ocrx_word' id='word_1_165' title='bbox 469 1992 566 2028; x_wconf 78' lang='lat' dir='ltr'>fuiffe</span> <span class='ocrx_word' id='word_1_166' title='bbox 604 1992 743 2027; x_wconf 72' lang='lat' dir='ltr'>stordito</span> <span class='ocrx_word' id='word_1_167' title='bbox 783 1990 980 2028; x_wconf 85' lang='lat' dir='ltr'>Italicum,</span> <span class='ocrx_word' id='word_1_168' title='bbox 1023 1987 1059 2024; x_wconf 85' lang='lat'>&amp;</span> 
     </span>
     <span class='ocr_line' id='line_1_37' title="bbox 352 2041 1060 2086; baseline -0.003 -8"><span class='ocrx_word' id='word_1_169' title='bbox 352 2043 532 2079; x_wconf 88' lang='lat' dir='ltr'>Gallicum</span> <span class='ocrx_word' id='word_1_170' title='bbox 571 2043 749 2086; x_wconf 72' lang='grc' dir='ltr'>ΕΙῖοιινᾰί,</span> <span class='ocrx_word' id='word_1_171' title='bbox 787 2041 967 2077; x_wconf 88' lang='lat' dir='ltr'>hominem</span> <span class='ocrx_word' id='word_1_172' title='bbox 1007 2041 1060 2076; x_wconf 92' lang='lat' dir='ltr'>vi-</span> 
     </span>
     <span class='ocr_line' id='line_1_38' title="bbox 353 2091 1062 2141; baseline -0.004 -11"><span class='ocrx_word' id='word_1_173' title='bbox 353 2093 484 2130; x_wconf 88' lang='lat' dir='ltr'>delicet</span> <span class='ocrx_word' id='word_1_174' title='bbox 520 2092 736 2141; x_wconf 73' lang='lat' dir='ltr'>significans,</span> <span class='ocrx_word' id='word_1_175' title='bbox 773 2093 834 2140; x_wconf 86' lang='lat' dir='ltr'>qui</span> <span class='ocrx_word' id='word_1_176' title='bbox 871 2106 890 2128; x_wconf 90' lang='lat' dir='ltr'>a</span> <span class='ocrx_word' id='word_1_177' title='bbox 927 2091 1062 2140; x_wconf 88' lang='lat' dir='ltr'>proelio</span> 
     </span>
     <span class='ocr_line' id='line_1_39' title="bbox 352 2141 1062 2188; baseline -0.006 -8"><span class='ocrx_word' id='word_1_178' title='bbox 352 2145 476 2183; x_wconf 82' lang='lat' dir='ltr'>venit,</span> <span class='ocrx_word' id='word_1_179' title='bbox 505 2157 574 2179; x_wconf 89' lang='lat' dir='ltr'>non</span> <span class='ocrx_word' id='word_1_180' title='bbox 611 2142 692 2178; x_wconf 85' lang='lat' dir='ltr'>satis</span> <span class='ocrx_word' id='word_1_181' title='bbox 730 2141 781 2178; x_wconf 85' lang='lat' dir='ltr'>sui</span> <span class='ocrx_word' id='word_1_182' title='bbox 819 2155 960 2188; x_wconf 88' lang='lat' dir='ltr'>compos</span> <span class='ocrx_word' id='word_1_183' title='bbox 990 2154 1062 2181; x_wconf 74' lang='lat' dir='ltr'>prae</span> 
     </span>
     <span class='ocr_line' id='line_1_40' title="bbox 352 2192 1061 2239; baseline 0.001 -12"><span class='ocrx_word' id='word_1_184' title='bbox 352 2195 530 2231; x_wconf 57' lang='lat' dir='ltr'>»effaminis</span> <span class='ocrx_word' id='word_1_185' title='bbox 566 2195 684 2228; x_wconf 81' lang='lat' dir='ltr'>horrore</span> <span class='ocrx_word' id='word_1_186' title='bbox 710 2192 756 2231; x_wconf 71' lang='lat'>&amp;³</span> <span class='ocrx_word' id='word_1_187' title='bbox 788 2193 930 2239; x_wconf 78' lang='lat' dir='ltr'>fragore.</span> <span class='ocrx_word' id='word_1_188' title='bbox 962 2192 1061 2228; x_wconf 86' lang='lat' dir='ltr'>Dici-</span> 
     </span>
     <span class='ocr_line' id='line_1_41' title="bbox 353 2242 1062 2283; baseline -0.008 0"><span class='ocrx_word' id='word_1_189' title='bbox 353 2244 566 2283; x_wconf 80' lang='lat' dir='ltr'>mus.etiam</span> <span class='ocrx_word' id='word_1_190' title='bbox 595 2244 716 2279; x_wconf 88' lang='lat' dir='ltr'>eodem</span> <span class='ocrx_word' id='word_1_191' title='bbox 753 2242 847 2279; x_wconf 88' lang='lat' dir='ltr'>sensu</span> <span class='ocrx_word' id='word_1_192' title='bbox 874 2244 1062 2278; x_wconf 74' lang='lat' dir='ltr'>Imbalordt&#39;-</span> 
     </span>
     <span class='ocr_line' id='line_1_42' title="bbox 354 2293 1060 2332; baseline -0.004 0"><span class='ocrx_word' id='word_1_193' title='bbox 354 2307 386 2332; x_wconf 75' lang='lat' dir='ltr'>to</span> <span class='ocrx_word' id='word_1_194' title='bbox 412 2297 445 2332; x_wconf 73' lang='lat'>8&lt;</span> <span class='ocrx_word' id='word_1_195' title='bbox 474 2296 672 2330; x_wconf 79' lang='lat' dir='ltr'>Sbalordito.</span> <span class='ocrx_word' id='word_1_196' title='bbox 700 2293 909 2330; x_wconf 83' lang='lat' dir='ltr'>Mutinenfis</span> <span class='ocrx_word' id='word_1_197' title='bbox 941 2295 1060 2329; x_wconf 85' lang='lat' dir='ltr'>Diale—</span> 
     </span>
     <span class='ocr_line' id='line_1_43' title="bbox 355 2344 1061 2393; baseline -0.01 -10"><span class='ocrx_word' id='word_1_198' title='bbox 355 2347 432 2383; x_wconf 67' lang='lat' dir='ltr'>&amp;us</span> <span class='ocrx_word' id='word_1_199' title='bbox 457 2346 560 2381; x_wconf 83' lang='lat' dir='ltr'>habet</span> <span class='ocrx_word' id='word_1_200' title='bbox 586 2345 726 2380; x_wconf 64' lang='lat' dir='ltr'>stomin</span> <span class='ocrx_word' id='word_1_201' title='bbox 750 2344 787 2381; x_wconf 89' lang='lat'>&amp;</span> <span class='ocrx_word' id='word_1_202' title='bbox 812 2345 975 2389; x_wconf 69' lang='lat' dir='ltr'>Inslorm&#39;re</span> <span class='ocrx_word' id='word_1_203' title='bbox 1000 2359 1061 2393; x_wconf 82' lang='lat' dir='ltr'>pro</span> 
     </span>
     <span class='ocr_line' id='line_1_44' title="bbox 355 2396 1061 2445; baseline -0.004 -11"><span class='ocrx_word' id='word_1_204' title='bbox 355 2398 521 2434; x_wconf 79' lang='lat' dir='ltr'>Stora&#39;ire:</span> <span class='ocrx_word' id='word_1_205' title='bbox 547 2396 640 2444; x_wconf 89' lang='lat' dir='ltr'>quod</span> <span class='ocrx_word' id='word_1_206' title='bbox 676 2396 817 2445; x_wconf 89' lang='lat' dir='ltr'>propius</span> <span class='ocrx_word' id='word_1_207' title='bbox 854 2396 988 2432; x_wconf 74' lang='lat' dir='ltr'>accedit</span> <span class='ocrx_word' id='word_1_208' title='bbox 1021 2397 1061 2431; x_wconf 91' lang='lat' dir='ltr'>ad</span> 
     </span>
     <span class='ocr_line' id='line_1_45' title="bbox 357 2446 1061 2495; baseline -0.003 -11"><span class='ocrx_word' id='word_1_209' title='bbox 357 2452 496 2484; x_wconf 68' lang='lat' dir='ltr'>sturmo.</span> <span class='ocrx_word' id='word_1_210' title='bbox 526 2448 589 2483; x_wconf 88' lang='lat' dir='ltr'>Sed</span> <span class='ocrx_word' id='word_1_211' title='bbox 625 2449 802 2495; x_wconf 90' lang='lat' dir='ltr'>quomodo</span> <span class='ocrx_word' id='word_1_212' title='bbox 837 2450 877 2482; x_wconf 89' lang='lat' dir='ltr'>D.</span> <span class='ocrx_word' id='word_1_213' title='bbox 904 2446 971 2482; x_wconf 90' lang='lat' dir='ltr'>sese</span> <span class='ocrx_word' id='word_1_214' title='bbox 1007 2446 1061 2482; x_wconf 90' lang='lat' dir='ltr'>in-</span> 
     </span>
     <span class='ocr_line' id='line_1_46' title="bbox 356 2498 1062 2547; baseline -0.001 -12"><span class='ocrx_word' id='word_1_215' title='bbox 356 2500 498 2535; x_wconf 79' lang='lat' dir='ltr'>truserit</span> <span class='ocrx_word' id='word_1_216' title='bbox 524 2499 563 2534; x_wconf 89' lang='lat' dir='ltr'>in</span> <span class='ocrx_word' id='word_1_217' title='bbox 590 2498 759 2547; x_wconf 86' lang='lat' dir='ltr'>ejusmodi</span> <span class='ocrx_word' id='word_1_218' title='bbox 787 2511 932 2538; x_wconf 88' lang='lat' dir='ltr'>vocem,</span> <span class='ocrx_word' id='word_1_219' title='bbox 960 2511 1062 2534; x_wconf 86' lang='lat' dir='ltr'>nemo</span> 
     </span>
     <span class='ocr_line' id='line_1_47' title="bbox 358 2549 1063 2600; baseline 0.001 -13"><span class='ocrx_word' id='word_1_220' title='bbox 358 2551 488 2588; x_wconf 84' lang='lat' dir='ltr'>edicit:</span> <span class='ocrx_word' id='word_1_221' title='bbox 510 2563 615 2600; x_wconf 80' lang='lat' dir='ltr'>quare</span> <span class='ocrx_word' id='word_1_222' title='bbox 637 2550 747 2588; x_wconf 84' lang='lat' dir='ltr'>adhuc</span> <span class='ocrx_word' id='word_1_223' title='bbox 771 2563 895 2600; x_wconf 84' lang='lat' dir='ltr'>anceps</span> <span class='ocrx_word' id='word_1_224' title='bbox 919 2549 1063 2588; x_wconf 79' lang='lat' dir='ltr'>haereo.</span> 
     </span>
    </p>
   </div>
   <div class='ocr_carea' id='block_1_2' title="bbox 1068 267 1078 465">
    <p class='ocr_par' dir='ltr' id='par_1_4' title="bbox 1068 267 1078 465">
     <span class='ocr_line' id='line_1_48' title="bbox 1068 267 1078 465; baseline 0 2582"><span class='ocrx_word' id='word_1_225' title='bbox 1068 267 1078 465; x_wconf 95' lang='lat' dir='ltr'> </span> 
     </span>
    </p>
   </div>
   <div class='ocr_carea' id='block_1_3' title="bbox 686 201 1508 261">
    <p class='ocr_par' dir='ltr' id='par_1_5' title="bbox 686 201 1508 261">
     <span class='ocr_line' id='line_1_49' title="bbox 686 201 1508 261; baseline -0.009 -11"><span class='ocrx_word' id='word_1_226' title='bbox 686 201 1508 261; x_wconf 48' lang='lat' dir='ltr'>ANTYQyIZ.MEDLlAEV1</span> 
     </span>
    </p>
   </div>
   <div class='ocr_carea' id='block_1_4' title="bbox 1742 218 1854 258">
    <p class='ocr_par' dir='ltr' id='par_1_6' title="bbox 1742 218 1854 258">
     <span class='ocr_line' id='line_1_50' title="bbox 1742 218 1854 258; baseline 0.018 -13"><span class='ocrx_word' id='word_1_227' title='bbox 1742 218 1854 258; x_wconf 78' lang='lat'>1004</span> 
     </span>
    </p>
   </div>
   <div class='ocr_carea' id='block_1_5' title="bbox 1082 260 1910 310">
    <p class='ocr_par' dir='ltr' id='par_1_7' title="bbox 1082 260 1910 310">
     <span class='ocr_line' id='line_1_51' title="bbox 1082 260 1910 310; baseline 0.001 -13"><span class='ocrx_word' id='word_1_228' title='bbox 1082 262 1118 297; x_wconf 90' lang='lat' dir='ltr'>A</span> <span class='ocrx_word' id='word_1_229' title='bbox 1151 265 1290 297; x_wconf 72' lang='lat' dir='ltr'>sturmo.</span> <span class='ocrx_word' id='word_1_230' title='bbox 1316 260 1457 296; x_wconf 85' lang='lat' dir='ltr'>Subitus</span> <span class='ocrx_word' id='word_1_231' title='bbox 1482 261 1523 296; x_wconf 88' lang='lat' dir='ltr'>ad</span> <span class='ocrx_word' id='word_1_232' title='bbox 1548 274 1698 310; x_wconf 84' lang='lat' dir='ltr'>pugnam</span> <span class='ocrx_word' id='word_1_233' title='bbox 1724 260 1910 298; x_wconf 83' lang='lat' dir='ltr'>hominum</span> 
     </span>
    </p>
   </div>
   <div class='ocr_carea' id='block_1_6' title="bbox 1125 303 1131 467">
    <p class='ocr_par' dir='ltr' id='par_1_8' title="bbox 1125 303 1131 467">
     <span class='ocr_line' id='line_1_52' title="bbox 1125 303 1131 467; baseline 0 0"><span class='ocrx_word' id='word_1_234' title='bbox 1125 303 1131 467; x_wconf 66' lang='lat' dir='ltr'>l</span> 
     </span>
    </p>
   </div>
   <div class='ocr_carea' id='block_1_7' title="bbox 1203 314 1912 369">
    <p class='ocr_par' dir='ltr' id='par_1_9' title="bbox 1203 314 1912 369">
     <span class='ocr_line' id='line_1_53' title="bbox 1203 314 1912 369; baseline -0.001 -12"><span class='ocrx_word' id='word_1_235' title='bbox 1203 319 1386 357; x_wconf 82' lang='lat' dir='ltr'>concursus</span> <span class='ocrx_word' id='word_1_236' title='bbox 1399 347 1407 356; x_wconf 94' lang='lat'><strong>.</strong></span> <span class='ocrx_word' id='word_1_237' title='bbox 1424 320 1610 369; x_wconf 82' lang='lat' dir='ltr'>Menagius</span> <span class='ocrx_word' id='word_1_238' title='bbox 1627 334 1645 356; x_wconf 87' lang='lat' dir='ltr'>a</span> <span class='ocrx_word' id='word_1_239' title='bbox 1660 324 1794 357; x_wconf 87' lang='lat' dir='ltr'>Graeco</span> <span class='ocrx_word' id='word_1_240' title='bbox 1810 314 1912 357; x_wconf 75' lang='grc' dir='ltr'>Στό-</span> 
     </span>
    </p>
   </div>
   <div class='ocr_carea' id='block_1_8' title="bbox 1205 380 1932 2561">
    <p class='ocr_par' dir='ltr' id='par_1_10' title="bbox 1205 380 1932 2561">
     <span class='ocr_line' id='line_1_54' title="bbox 1205 380 1914 428; baseline 0 -12"><span class='ocrx_word' id='word_1_241' title='bbox 1205 380 1299 428; x_wconf 74' lang='grc' dir='ltr'>λος,</span> <span class='ocrx_word' id='word_1_242' title='bbox 1324 391 1384 417; x_wconf 90' lang='lat' dir='ltr'>aut</span> <span class='ocrx_word' id='word_1_243' title='bbox 1410 381 1526 428; x_wconf 88' lang='lat' dir='ltr'>potius</span> <span class='ocrx_word' id='word_1_244' title='bbox 1564 394 1582 414; x_wconf 92' lang='lat' dir='ltr'>a</span> <span class='ocrx_word' id='word_1_245' title='bbox 1609 384 1727 416; x_wconf 79' lang='lat' dir='ltr'>Turma</span> <span class='ocrx_word' id='word_1_246' title='bbox 1755 381 1914 425; x_wconf 76' lang='lat' dir='ltr'>Latino,</span> 
     </span>
     <span class='ocr_line' id='line_1_55' title="bbox 1206 429 1915 481; baseline -0.001 -13"><span class='ocrx_word' id='word_1_247' title='bbox 1206 432 1343 481; x_wconf 77' lang='lat' dir='ltr'>Superis</span> <span class='ocrx_word' id='word_1_248' title='bbox 1379 431 1506 469; x_wconf 64' lang='lat' dir='ltr'>invitis</span> <span class='ocrx_word' id='word_1_249' title='bbox 1543 429 1631 466; x_wconf 82' lang='lat' dir='ltr'>hanc</span> <span class='ocrx_word' id='word_1_250' title='bbox 1669 445 1792 467; x_wconf 86' lang='lat' dir='ltr'>vocem</span> <span class='ocrx_word' id='word_1_251' title='bbox 1831 432 1915 467; x_wconf 87' lang='lat' dir='ltr'>edu-</span> 
     </span>
     <span class='ocr_line' id='line_1_56' title="bbox 1207 480 1914 530; baseline -0.001 -11"><span class='ocrx_word' id='word_1_252' title='bbox 1207 483 1348 519; x_wconf 87' lang='lat' dir='ltr'>cendam</span> <span class='ocrx_word' id='word_1_253' title='bbox 1379 482 1588 530; x_wconf 86' lang='lat' dir='ltr'>suspicatur.</span> <span class='ocrx_word' id='word_1_254' title='bbox 1614 480 1650 516; x_wconf 88' lang='lat' dir='ltr'>Si</span> <span class='ocrx_word' id='word_1_255' title='bbox 1678 482 1827 529; x_wconf 86' lang='lat' dir='ltr'>Linguis</span> <span class='ocrx_word' id='word_1_256' title='bbox 1856 484 1914 518; x_wconf 88' lang='lat' dir='ltr'>Se-</span> 
     </span>
     <span class='ocr_line' id='line_1_57' title="bbox 1207 531 1915 583; baseline -0.003 -13"><span class='ocrx_word' id='word_1_257' title='bbox 1207 533 1498 583; x_wconf 88' lang='lat' dir='ltr'>ptentrionalium</span> <span class='ocrx_word' id='word_1_258' title='bbox 1555 531 1722 579; x_wconf 84' lang='lat' dir='ltr'>majorem</span> <span class='ocrx_word' id='word_1_259' title='bbox 1775 544 1915 579; x_wconf 86' lang='lat' dir='ltr'>operam</span> 
     </span>
     <span class='ocr_line' id='line_1_58' title="bbox 1207 582 1916 630; baseline -0.004 -11"><span class='ocrx_word' id='word_1_260' title='bbox 1207 585 1384 624; x_wconf 70' lang='lat' dir='ltr'>navasset,</span> <span class='ocrx_word' id='word_1_261' title='bbox 1426 592 1555 619; x_wconf 88' lang='lat' dir='ltr'>certam</span> <span class='ocrx_word' id='word_1_262' title='bbox 1600 582 1697 617; x_wconf 85' lang='lat' dir='ltr'>vocis</span> <span class='ocrx_word' id='word_1_263' title='bbox 1740 582 1916 630; x_wconf 87' lang='lat' dir='ltr'>originem</span> 
     </span>
     <span class='ocr_line' id='line_1_59' title="bbox 1206 632 1916 683; baseline -0.004 -13"><span class='ocrx_word' id='word_1_264' title='bbox 1206 636 1306 671; x_wconf 89' lang='lat' dir='ltr'>nullo</span> <span class='ocrx_word' id='word_1_265' title='bbox 1349 633 1493 683; x_wconf 87' lang='lat' dir='ltr'>negotio</span> <span class='ocrx_word' id='word_1_266' title='bbox 1535 632 1740 669; x_wconf 72' lang='lat' dir='ltr'>detexisset.</span> <span class='ocrx_word' id='word_1_267' title='bbox 1780 635 1916 679; x_wconf 86' lang='lat' dir='ltr'>Nempe</span> 
     </span>
     <span class='ocr_line' id='line_1_60' title="bbox 1207 684 1915 733; baseline -0.004 -13"><span class='ocrx_word' id='word_1_268' title='bbox 1207 688 1405 724; x_wconf 86' lang='lat' dir='ltr'>Saxonum,</span> <span class='ocrx_word' id='word_1_269' title='bbox 1428 687 1605 720; x_wconf 85' lang='lat' dir='ltr'>Danorum</span> <span class='ocrx_word' id='word_1_270' title='bbox 1620 708 1629 723; x_wconf 91' lang='lat'>‚</span> <span class='ocrx_word' id='word_1_271' title='bbox 1651 684 1834 733; x_wconf 85' lang='lat' dir='ltr'>Belgarum</span> <span class='ocrx_word' id='word_1_272' title='bbox 1851 710 1861 726; x_wconf 88' lang='lat'>,</span> <span class='ocrx_word' id='word_1_273' title='bbox 1882 684 1915 718; x_wconf 70' lang='grc' dir='ltr'>δε</span> 
     </span>
     <span class='ocr_line' id='line_1_61' title="bbox 1207 734 1917 785; baseline -0.004 -14"><span class='ocrx_word' id='word_1_274' title='bbox 1207 737 1407 785; x_wconf 85' lang='lat' dir='ltr'>Anglorum</span> <span class='ocrx_word' id='word_1_275' title='bbox 1437 735 1575 782; x_wconf 86' lang='lat' dir='ltr'>propria</span> <span class='ocrx_word' id='word_1_276' title='bbox 1614 748 1680 770; x_wconf 86' lang='lat' dir='ltr'>vox</span> <span class='ocrx_word' id='word_1_277' title='bbox 1719 734 1763 770; x_wconf 84' lang='lat' dir='ltr'>est</span> <span class='ocrx_word' id='word_1_278' title='bbox 1790 737 1917 773; x_wconf 80' lang='lat' dir='ltr'>Storm,</span> 
     </span>
     <span class='ocr_line' id='line_1_62' title="bbox 1207 784 1920 835; baseline -0.004 -13"><span class='ocrx_word' id='word_1_279' title='bbox 1207 800 1267 835; x_wconf 89' lang='lat' dir='ltr'>per</span> <span class='ocrx_word' id='word_1_280' title='bbox 1295 800 1397 834; x_wconf 87' lang='lat' dir='ltr'>quam</span> <span class='ocrx_word' id='word_1_281' title='bbox 1427 787 1589 829; x_wconf 77' lang='lat' dir='ltr'>Prosella,</span> <span class='ocrx_word' id='word_1_282' title='bbox 1614 784 1650 821; x_wconf 77' lang='grc' dir='ltr'>ἃ</span> <span class='ocrx_word' id='word_1_283' title='bbox 1676 797 1839 820; x_wconf 75' lang='lat' dir='ltr'>ventorum</span> <span class='ocrx_word' id='word_1_284' title='bbox 1865 785 1920 819; x_wconf 79' lang='lat' dir='ltr'>di-</span> 
     </span>
     <span class='ocr_line' id='line_1_63' title="bbox 1205 835 1919 886; baseline -0.003 -15"><span class='ocrx_word' id='word_1_285' title='bbox 1205 838 1366 884; x_wconf 78' lang='lat' dir='ltr'>gladiatio</span> <span class='ocrx_word' id='word_1_286' title='bbox 1393 836 1623 886; x_wconf 78' lang='lat' dir='ltr'>significatur.</span> <span class='ocrx_word' id='word_1_287' title='bbox 1662 838 1763 872; x_wconf 87' lang='lat' dir='ltr'>Hanc</span> <span class='ocrx_word' id='word_1_288' title='bbox 1794 835 1822 871; x_wconf 87' lang='lat' dir='ltr'>ii</span> <span class='ocrx_word' id='word_1_289' title='bbox 1852 837 1919 870; x_wconf 86' lang='lat' dir='ltr'>Po-</span> 
     </span>
     <span class='ocr_line' id='line_1_64' title="bbox 1209 885 1918 937; baseline -0.004 -14"><span class='ocrx_word' id='word_1_290' title='bbox 1209 888 1284 937; x_wconf 85' lang='lat' dir='ltr'>puli</span> <span class='ocrx_word' id='word_1_291' title='bbox 1325 888 1525 923; x_wconf 75' lang='lat' dir='ltr'>transtulere</span> <span class='ocrx_word' id='word_1_292' title='bbox 1570 887 1610 922; x_wconf 84' lang='lat' dir='ltr'>ad</span> <span class='ocrx_word' id='word_1_293' title='bbox 1653 885 1918 935; x_wconf 80' lang='lat' dir='ltr'>significandum</span> 
     </span>
     <span class='ocr_line' id='line_1_65' title="bbox 1209 937 1922 985; baseline -0.004 -13"><span class='ocrx_word' id='word_1_294' title='bbox 1209 938 1414 985; x_wconf 79' lang='lat' dir='ltr'>congreffum‚</span> <span class='ocrx_word' id='word_1_295' title='bbox 1449 938 1620 985; x_wconf 66' lang='lat' dir='ltr'>proelium,</span> <span class='ocrx_word' id='word_1_296' title='bbox 1659 937 1712 973; x_wconf 84' lang='lat' dir='ltr'>seu</span> <span class='ocrx_word' id='word_1_297' title='bbox 1752 937 1922 971; x_wconf 71' lang='lat' dir='ltr'>tumultum</span> 
     </span>
     <span class='ocr_line' id='line_1_66' title="bbox 1209 987 1923 1032; baseline -0.004 -7"><span class='ocrx_word' id='word_1_298' title='bbox 1209 991 1390 1032; x_wconf 71' lang='lat' dir='ltr'>bominum,</span> <span class='ocrx_word' id='word_1_299' title='bbox 1412 989 1462 1025; x_wconf 66' lang='lat' dir='ltr'>irai</span> <span class='ocrx_word' id='word_1_300' title='bbox 1485 999 1544 1026; x_wconf 83' lang='lat' dir='ltr'>aut</span> <span class='ocrx_word' id='word_1_301' title='bbox 1566 989 1633 1024; x_wconf 66' lang='lat' dir='ltr'>alifi</span> <span class='ocrx_word' id='word_1_302' title='bbox 1659 989 1701 1024; x_wconf 90' lang='lat' dir='ltr'>de</span> <span class='ocrx_word' id='word_1_303' title='bbox 1722 987 1836 1023; x_wconf 68' lang='lat' dir='ltr'>caussa</span> <span class='ocrx_word' id='word_1_304' title='bbox 1860 1000 1923 1022; x_wconf 82' lang='lat' dir='ltr'>ex-</span> 
     </span>
     <span class='ocr_line' id='line_1_67' title="bbox 1209 1038 1924 1076; baseline -0.004 0"><span class='ocrx_word' id='word_1_305' title='bbox 1209 1040 1379 1076; x_wconf 85' lang='lat' dir='ltr'>citatum.</span> <span class='ocrx_word' id='word_1_306' title='bbox 1406 1044 1513 1075; x_wconf 76' lang='lat' dir='ltr'>sturm</span> <span class='ocrx_word' id='word_1_307' title='bbox 1538 1039 1722 1075; x_wconf 87' lang='lat' dir='ltr'>Germanis</span> <span class='ocrx_word' id='word_1_308' title='bbox 1747 1039 1840 1074; x_wconf 86' lang='lat' dir='ltr'>idem</span> <span class='ocrx_word' id='word_1_309' title='bbox 1868 1038 1924 1073; x_wconf 91' lang='lat' dir='ltr'>so-</span> 
     </span>
     <span class='ocr_line' id='line_1_68' title="bbox 1209 1089 1923 1138; baseline -0.004 -12"><span class='ocrx_word' id='word_1_310' title='bbox 1209 1102 1289 1126; x_wconf 84' lang='lat' dir='ltr'>nat.</span> <span class='ocrx_word' id='word_1_311' title='bbox 1319 1091 1423 1128; x_wconf 88' lang='lat' dir='ltr'>Nihil</span> <span class='ocrx_word' id='word_1_312' title='bbox 1451 1091 1518 1132; x_wconf 74' lang='lat' dir='ltr'>est,</span> <span class='ocrx_word' id='word_1_313' title='bbox 1546 1090 1638 1138; x_wconf 91' lang='lat' dir='ltr'>quod</span> <span class='ocrx_word' id='word_1_314' title='bbox 1676 1090 1819 1125; x_wconf 88' lang='lat' dir='ltr'>obtorto</span> <span class='ocrx_word' id='word_1_315' title='bbox 1848 1089 1923 1124; x_wconf 89' lang='lat' dir='ltr'>col-</span> 
     </span>
     <span class='ocr_line' id='line_1_69' title="bbox 1210 1140 1924 1188; baseline -0.001 -13"><span class='ocrx_word' id='word_1_316' title='bbox 1210 1142 1246 1175; x_wconf 92' lang='lat' dir='ltr'>lo</span> <span class='ocrx_word' id='word_1_317' title='bbox 1274 1142 1483 1176; x_wconf 85' lang='lat' dir='ltr'>Latinorum</span> <span class='ocrx_word' id='word_1_318' title='bbox 1511 1142 1687 1188; x_wconf 81' lang='lat' dir='ltr'>Linguam</span> <span class='ocrx_word' id='word_1_319' title='bbox 1718 1140 1784 1174; x_wconf 89' lang='lat' dir='ltr'>huc</span> <span class='ocrx_word' id='word_1_320' title='bbox 1814 1140 1924 1174; x_wconf 83' lang='lat' dir='ltr'>advo-</span> 
     </span>
     <span class='ocr_line' id='line_1_70' title="bbox 1211 1190 1925 1237; baseline -0.004 -11"><span class='ocrx_word' id='word_1_321' title='bbox 1211 1204 1349 1234; x_wconf 86' lang='lat' dir='ltr'>cemus,</span> <span class='ocrx_word' id='word_1_322' title='bbox 1382 1190 1519 1237; x_wconf 84' lang='lat' dir='ltr'>quando</span> <span class='ocrx_word' id='word_1_323' title='bbox 1559 1190 1659 1224; x_wconf 88' lang='lat' dir='ltr'>nobis</span> <span class='ocrx_word' id='word_1_324' title='bbox 1698 1202 1820 1236; x_wconf 85' lang='lat' dir='ltr'>purum</span> <span class='ocrx_word' id='word_1_325' title='bbox 1860 1202 1925 1233; x_wconf 86' lang='lat' dir='ltr'>pu-</span> 
     </span>
     <span class='ocr_line' id='line_1_71' title="bbox 1210 1239 1924 1275; baseline 0 0"><span class='ocrx_word' id='word_1_326' title='bbox 1210 1251 1286 1275; x_wconf 81' lang='lat' dir='ltr'>tum</span> <span class='ocrx_word' id='word_1_327' title='bbox 1327 1242 1534 1275; x_wconf 88' lang='lat' dir='ltr'>vocabulum</span> <span class='ocrx_word' id='word_1_328' title='bbox 1574 1240 1672 1274; x_wconf 88' lang='lat' dir='ltr'>suum</span> <span class='ocrx_word' id='word_1_329' title='bbox 1713 1239 1924 1275; x_wconf 73' lang='lat' dir='ltr'>Germanica</span> 
     </span>
     <span class='ocr_line' id='line_1_72' title="bbox 1211 1288 1924 1335; baseline 0.001 -13"><span class='ocrx_word' id='word_1_330' title='bbox 1211 1289 1351 1335; x_wconf 78' lang='lat' dir='ltr'>Lingua</span> <span class='ocrx_word' id='word_1_331' title='bbox 1389 1288 1607 1333; x_wconf 85' lang='lat' dir='ltr'>suppeditat,</span> <span class='ocrx_word' id='word_1_332' title='bbox 1638 1300 1725 1333; x_wconf 83' lang='lat' dir='ltr'>quae</span> <span class='ocrx_word' id='word_1_333' title='bbox 1765 1288 1924 1334; x_wconf 80' lang='lat' dir='ltr'>antiqui-</span> 
     </span>
     <span class='ocr_line' id='line_1_73' title="bbox 1212 1336 1923 1381; baseline 0.001 -9"><span class='ocrx_word' id='word_1_334' title='bbox 1212 1346 1284 1372; x_wconf 83' lang='lat' dir='ltr'>tate</span> <span class='ocrx_word' id='word_1_335' title='bbox 1313 1337 1477 1373; x_wconf 81' lang='lat' dir='ltr'>Latinam</span> <span class='ocrx_word' id='word_1_336' title='bbox 1509 1336 1530 1371; x_wconf 73' lang='grc' dir='ltr'>ᾗ</span> <span class='ocrx_word' id='word_1_337' title='bbox 1560 1350 1628 1372; x_wconf 88' lang='lat' dir='ltr'>non</span> <span class='ocrx_word' id='word_1_338' title='bbox 1663 1336 1819 1381; x_wconf 77' lang='lat' dir='ltr'>superat,</span> <span class='ocrx_word' id='word_1_339' title='bbox 1849 1351 1923 1373; x_wconf 83' lang='lat' dir='ltr'>cer—</span> 
     </span>
     <span class='ocr_line' id='line_1_74' title="bbox 1212 1390 1925 1436; baseline 0 -13"><span class='ocrx_word' id='word_1_340' title='bbox 1212 1397 1248 1424; x_wconf 85' lang='lat' dir='ltr'>te</span> <span class='ocrx_word' id='word_1_341' title='bbox 1276 1397 1418 1436; x_wconf 85' lang='lat' dir='ltr'>aequat.</span> <span class='ocrx_word' id='word_1_342' title='bbox 1458 1390 1582 1436; x_wconf 88' lang='lat' dir='ltr'>Neque</span> <span class='ocrx_word' id='word_1_343' title='bbox 1618 1392 1735 1423; x_wconf 81' lang='lat' dir='ltr'>Sonare</span> <span class='ocrx_word' id='word_1_344' title='bbox 1765 1404 1785 1423; x_wconf 85' lang='lat' dir='ltr'><em>a</em></span> <span class='ocrx_word' id='word_1_345' title='bbox 1813 1392 1925 1423; x_wconf 66' lang='lat' dir='ltr'>Storna</span> 
     </span>
     <span class='ocr_line' id='line_1_75' title="bbox 1214 1438 1926 1487; baseline -0.001 -12"><span class='ocrx_word' id='word_1_346' title='bbox 1214 1453 1365 1487; x_wconf 88' lang='lat' dir='ltr'>unquam</span> <span class='ocrx_word' id='word_1_347' title='bbox 1388 1439 1520 1475; x_wconf 65' lang='lat' dir='ltr'>dic‘tum</span> <span class='ocrx_word' id='word_1_348' title='bbox 1548 1438 1637 1479; x_wconf 84' lang='lat' dir='ltr'>fuit,</span> <span class='ocrx_word' id='word_1_349' title='bbox 1660 1438 1750 1486; x_wconf 79' lang='lat' dir='ltr'>quafi</span> <span class='ocrx_word' id='word_1_350' title='bbox 1779 1440 1819 1474; x_wconf 89' lang='lat' dir='ltr'>ad</span> <span class='ocrx_word' id='word_1_351' title='bbox 1842 1452 1926 1474; x_wconf 87' lang='lat' dir='ltr'>con-</span> 
     </span>
     <span class='ocr_line' id='line_1_76' title="bbox 1213 1491 1926 1539; baseline 0 -14"><span class='ocrx_word' id='word_1_352' title='bbox 1213 1491 1424 1539; x_wconf 85' lang='lat' dir='ltr'>gregandum</span> <span class='ocrx_word' id='word_1_353' title='bbox 1456 1492 1627 1537; x_wconf 84' lang='lat' dir='ltr'>Populum</span> <span class='ocrx_word' id='word_1_354' title='bbox 1656 1503 1751 1525; x_wconf 86' lang='lat' dir='ltr'>more</span> <span class='ocrx_word' id='word_1_355' title='bbox 1780 1493 1926 1525; x_wconf 82' lang='lat' dir='ltr'>Sturno-</span> 
     </span>
     <span class='ocr_line' id='line_1_77' title="bbox 1214 1539 1926 1590; baseline -0.001 -13"><span class='ocrx_word' id='word_1_356' title='bbox 1214 1554 1316 1590; x_wconf 82' lang='lat' dir='ltr'>rum;</span> <span class='ocrx_word' id='word_1_357' title='bbox 1347 1541 1398 1577; x_wconf 86' lang='lat' dir='ltr'>sed</span> <span class='ocrx_word' id='word_1_358' title='bbox 1426 1545 1543 1576; x_wconf 79' lang='lat' dir='ltr'>Sonare</span> <span class='ocrx_word' id='word_1_359' title='bbox 1570 1558 1590 1576; x_wconf 87' lang='lat' dir='ltr'><em>a</em></span> <span class='ocrx_word' id='word_1_360' title='bbox 1616 1545 1754 1576; x_wconf 69' lang='lat' dir='ltr'>sturmo.</span> <span class='ocrx_word' id='word_1_361' title='bbox 1787 1539 1926 1577; x_wconf 79' lang='lat' dir='ltr'>Paucis-</span> 
     </span>
     <span class='ocr_line' id='line_1_78' title="bbox 1215 1591 1925 1633; baseline 0 -6"><span class='ocrx_word' id='word_1_362' title='bbox 1215 1591 1312 1632; x_wconf 84' lang='lat' dir='ltr'>fimi,</span> <span class='ocrx_word' id='word_1_363' title='bbox 1342 1606 1379 1628; x_wconf 88' lang='lat' dir='ltr'>ac</span> <span class='ocrx_word' id='word_1_364' title='bbox 1407 1592 1477 1628; x_wconf 88' lang='lat' dir='ltr'>fere</span> <span class='ocrx_word' id='word_1_365' title='bbox 1514 1592 1627 1633; x_wconf 79' lang='lat' dir='ltr'>nulli,</span> <span class='ocrx_word' id='word_1_366' title='bbox 1656 1592 1780 1628; x_wconf 89' lang='lat' dir='ltr'>nedum</span> <span class='ocrx_word' id='word_1_367' title='bbox 1812 1594 1925 1628; x_wconf 86' lang='lat' dir='ltr'>Lom-</span> 
     </span>
     <span class='ocr_line' id='line_1_79' title="bbox 1216 1641 1927 1690; baseline -0.001 -12"><span class='ocrx_word' id='word_1_368' title='bbox 1216 1643 1376 1683; x_wconf 77' lang='lat' dir='ltr'>bardiae,</span> <span class='ocrx_word' id='word_1_369' title='bbox 1409 1643 1461 1678; x_wconf 86' lang='lat' dir='ltr'>sed</span> <span class='ocrx_word' id='word_1_370' title='bbox 1488 1641 1525 1678; x_wconf 71' lang='grc' dir='ltr'>ἃ</span> <span class='ocrx_word' id='word_1_371' title='bbox 1554 1643 1675 1679; x_wconf 79' lang='lat' dir='ltr'>[taliae</span> <span class='ocrx_word' id='word_1_372' title='bbox 1704 1643 1829 1690; x_wconf 85' lang='lat' dir='ltr'>Populi</span> <span class='ocrx_word' id='word_1_373' title='bbox 1863 1656 1927 1678; x_wconf 85' lang='lat' dir='ltr'>vo-</span> 
     </span>
     <span class='ocr_line' id='line_1_80' title="bbox 1216 1693 1924 1743; baseline -0.003 -13"><span class='ocrx_word' id='word_1_374' title='bbox 1216 1694 1266 1730; x_wconf 85' lang='lat' dir='ltr'>cis</span> <span class='ocrx_word' id='word_1_375' title='bbox 1291 1694 1391 1743; x_wconf 84' lang='lat' dir='ltr'>hujus</span> <span class='ocrx_word' id='word_1_376' title='bbox 1418 1693 1514 1729; x_wconf 89' lang='lat' dir='ltr'>usum</span> <span class='ocrx_word' id='word_1_377' title='bbox 1544 1708 1634 1730; x_wconf 87' lang='lat' dir='ltr'>nunc</span> <span class='ocrx_word' id='word_1_378' title='bbox 1663 1694 1840 1743; x_wconf 69' lang='lat' dir='ltr'>retinentg,</span> <span class='ocrx_word' id='word_1_379' title='bbox 1871 1693 1924 1729; x_wconf 81' lang='lat' dir='ltr'>sed</span> 
     </span>
     <span class='ocr_line' id='line_1_81' title="bbox 1215 1744 1925 1794; baseline -0.004 -13"><span class='ocrx_word' id='word_1_380' title='bbox 1215 1745 1380 1782; x_wconf 89' lang='lat' dir='ltr'>Mutinae</span> <span class='ocrx_word' id='word_1_381' title='bbox 1408 1746 1568 1794; x_wconf 85' lang='lat' dir='ltr'>perdurat</span> <span class='ocrx_word' id='word_1_382' title='bbox 1592 1747 1625 1779; x_wconf 78' lang='lat' dir='ltr'>la</span> <span class='ocrx_word' id='word_1_383' title='bbox 1648 1748 1830 1785; x_wconf 75' lang='lat' dir='ltr'>Stormida,</span> <span class='ocrx_word' id='word_1_384' title='bbox 1858 1744 1925 1779; x_wconf 83' lang='lat' dir='ltr'>five</span> 
     </span>
     <span class='ocr_line' id='line_1_82' title="bbox 1216 1794 1927 1843; baseline -0.008 -11"><span class='ocrx_word' id='word_1_385' title='bbox 1216 1798 1248 1832; x_wconf 84' lang='lat' dir='ltr'>la</span> <span class='ocrx_word' id='word_1_386' title='bbox 1268 1796 1449 1837; x_wconf 77' lang='lat' dir='ltr'>Stermida,</span> <span class='ocrx_word' id='word_1_387' title='bbox 1470 1795 1535 1830; x_wconf 86' lang='lat' dir='ltr'>hoc</span> <span class='ocrx_word' id='word_1_388' title='bbox 1556 1797 1600 1831; x_wconf 88' lang='lat' dir='ltr'>est</span> <span class='ocrx_word' id='word_1_389' title='bbox 1615 1825 1622 1836; x_wconf 72' lang='grc'>,</span> <span class='ocrx_word' id='word_1_390' title='bbox 1647 1795 1796 1843; x_wconf 88' lang='lat' dir='ltr'>pulsatio</span> <span class='ocrx_word' id='word_1_391' title='bbox 1816 1794 1927 1830; x_wconf 83' lang='lat' dir='ltr'>Cam.</span> 
     </span>
     <span class='ocr_line' id='line_1_83' title="bbox 1217 1846 1926 1898; baseline -0.007 -14"><span class='ocrx_word' id='word_1_392' title='bbox 1217 1861 1324 1898; x_wconf 87' lang='lat' dir='ltr'>panae</span> <span class='ocrx_word' id='word_1_393' title='bbox 1361 1847 1525 1893; x_wconf 78' lang='lat' dir='ltr'>majoris,</span> <span class='ocrx_word' id='word_1_394' title='bbox 1562 1846 1654 1882; x_wconf 87' lang='lat' dir='ltr'>idern</span> <span class='ocrx_word' id='word_1_395' title='bbox 1693 1855 1796 1892; x_wconf 83' lang='lat' dir='ltr'>atque</span> <span class='ocrx_word' id='word_1_396' title='bbox 1838 1847 1926 1880; x_wconf 66' lang='lat' dir='ltr'>lona?</span> 
     </span>
     <span class='ocr_line' id='line_1_84' title="bbox 1216 1897 1926 1944; baseline -0.011 -9"><span class='ocrx_word' id='word_1_397' title='bbox 1216 1904 1381 1944; x_wconf 83' lang='lat' dir='ltr'>Campana</span> <span class='ocrx_word' id='word_1_398' title='bbox 1416 1914 1436 1933; x_wconf 73' lang='lat' dir='ltr'>a</span> <span class='ocrx_word' id='word_1_399' title='bbox 1473 1897 1634 1940; x_wconf 77' lang='lat' dir='ltr'>martello,</span> <span class='ocrx_word' id='word_1_400' title='bbox 1663 1909 1770 1944; x_wconf 87' lang='lat' dir='ltr'>quum</span> <span class='ocrx_word' id='word_1_401' title='bbox 1809 1897 1926 1943; x_wconf 80' lang='lat' dir='ltr'>Popu-</span> 
     </span>
     <span class='ocr_line' id='line_1_85' title="bbox 1217 1947 1928 1998; baseline -0.007 -11"><span class='ocrx_word' id='word_1_402' title='bbox 1217 1952 1269 1988; x_wconf 88' lang='lat' dir='ltr'>lus</span> <span class='ocrx_word' id='word_1_403' title='bbox 1311 1950 1355 1985; x_wconf 86' lang='lat' dir='ltr'>est</span> <span class='ocrx_word' id='word_1_404' title='bbox 1396 1948 1674 1998; x_wconf 82' lang='lat' dir='ltr'>congregandus.</span> <span class='ocrx_word' id='word_1_405' title='bbox 1722 1949 1752 1982; x_wconf 90' lang='lat' dir='ltr'>A</span> <span class='ocrx_word' id='word_1_406' title='bbox 1791 1947 1928 1982; x_wconf 73' lang='lat' dir='ltr'>sturmis</span> 
     </span>
     <span class='ocr_line' id='line_1_86' title="bbox 1219 2002 1928 2046; baseline -0.007 -9"><span class='ocrx_word' id='word_1_407' title='bbox 1219 2002 1286 2037; x_wconf 88' lang='lat' dir='ltr'>five</span> <span class='ocrx_word' id='word_1_408' title='bbox 1314 2002 1445 2036; x_wconf 72' lang='lat' dir='ltr'>stormis</span> <span class='ocrx_word' id='word_1_409' title='bbox 1470 2010 1547 2036; x_wconf 87' lang='lat' dir='ltr'>orta</span> <span class='ocrx_word' id='word_1_410' title='bbox 1579 2013 1668 2042; x_wconf 86' lang='lat' dir='ltr'>vox,</span> <span class='ocrx_word' id='word_1_411' title='bbox 1695 2012 1800 2046; x_wconf 86' lang='lat' dir='ltr'>quum</span> <span class='ocrx_word' id='word_1_412' title='bbox 1829 2011 1928 2033; x_wconf 89' lang='lat' dir='ltr'>nem-</span> 
     </span>
     <span class='ocr_line' id='line_1_87' title="bbox 1219 2049 1930 2102; baseline -0.008 -13"><span class='ocrx_word' id='word_1_413' title='bbox 1219 2067 1260 2102; x_wconf 90' lang='lat' dir='ltr'>pe</span> <span class='ocrx_word' id='word_1_414' title='bbox 1287 2052 1454 2088; x_wconf 78' lang='lat' dir='ltr'>inchoato</span> <span class='ocrx_word' id='word_1_415' title='bbox 1482 2064 1620 2087; x_wconf 90' lang='lat' dir='ltr'>rumore</span> <span class='ocrx_word' id='word_1_416' title='bbox 1648 2058 1706 2085; x_wconf 85' lang='lat' dir='ltr'>aut</span> <span class='ocrx_word' id='word_1_417' title='bbox 1733 2051 1845 2098; x_wconf 57' lang='lat' dir='ltr'>pugn&amp;</span> <span class='ocrx_word' id='word_1_418' title='bbox 1872 2049 1930 2084; x_wconf 89' lang='lat' dir='ltr'>in-</span> 
     </span>
     <span class='ocr_line' id='line_1_88' title="bbox 1218 2100 1930 2147; baseline -0.007 -8"><span class='ocrx_word' id='word_1_419' title='bbox 1218 2114 1272 2139; x_wconf 89' lang='lat' dir='ltr'>ter</span> <span class='ocrx_word' id='word_1_420' title='bbox 1298 2102 1432 2147; x_wconf 78' lang='lat' dir='ltr'>Cives,</span> <span class='ocrx_word' id='word_1_421' title='bbox 1460 2113 1520 2138; x_wconf 84' lang='lat' dir='ltr'>aut</span> <span class='ocrx_word' id='word_1_422' title='bbox 1554 2114 1631 2137; x_wconf 88' lang='lat' dir='ltr'>curn</span> <span class='ocrx_word' id='word_1_423' title='bbox 1669 2100 1784 2144; x_wconf 86' lang='lat' dir='ltr'>hoste,</span> <span class='ocrx_word' id='word_1_424' title='bbox 1815 2101 1930 2146; x_wconf 75' lang='lat' dir='ltr'>Popu-</span> 
     </span>
     <span class='ocr_line' id='line_1_89' title="bbox 1219 2154 1930 2201; baseline -0.007 -10"><span class='ocrx_word' id='word_1_425' title='bbox 1219 2157 1272 2191; x_wconf 86' lang='lat' dir='ltr'>lus</span> <span class='ocrx_word' id='word_1_426' title='bbox 1299 2154 1338 2190; x_wconf 86' lang='lat' dir='ltr'>ad</span> <span class='ocrx_word' id='word_1_427' title='bbox 1366 2168 1458 2189; x_wconf 81' lang='lat' dir='ltr'>arma</span> <span class='ocrx_word' id='word_1_428' title='bbox 1485 2167 1544 2201; x_wconf 88' lang='lat' dir='ltr'>per</span> <span class='ocrx_word' id='word_1_429' title='bbox 1568 2165 1768 2197; x_wconf 87' lang='lat' dir='ltr'>campanam</span> <span class='ocrx_word' id='word_1_430' title='bbox 1796 2164 1930 2186; x_wconf 84' lang='lat' dir='ltr'>convo-</span> 
     </span>
     <span class='ocr_line' id='line_1_90' title="bbox 1220 2201 1930 2242; baseline -0.006 -1"><span class='ocrx_word' id='word_1_431' title='bbox 1220 2207 1385 2242; x_wconf 81' lang='lat' dir='ltr'>cabatur.</span> <span class='ocrx_word' id='word_1_432' title='bbox 1427 2208 1571 2240; x_wconf 75' lang='lat' dir='ltr'>sturmen</span> <span class='ocrx_word' id='word_1_433' title='bbox 1607 2202 1717 2239; x_wconf 88' lang='lat' dir='ltr'>adhuc</span> <span class='ocrx_word' id='word_1_434' title='bbox 1760 2201 1930 2237; x_wconf 76' lang='lat' dir='ltr'>Germani</span> 
     </span>
     <span class='ocr_line' id='line_1_91' title="bbox 1220 2254 1929 2305; baseline -0.007 -12"><span class='ocrx_word' id='word_1_435' title='bbox 1220 2258 1398 2305; x_wconf 83' lang='lat' dir='ltr'>appellant</span> <span class='ocrx_word' id='word_1_436' title='bbox 1434 2256 1599 2301; x_wconf 76' lang='lat' dir='ltr'>Clafficum</span> <span class='ocrx_word' id='word_1_437' title='bbox 1634 2266 1757 2288; x_wconf 80' lang='lat' dir='ltr'>canere.</span> <span class='ocrx_word' id='word_1_438' title='bbox 1798 2254 1929 2288; x_wconf 74' lang='lat' dir='ltr'>Dames</span> 
     </span>
     <span class='ocr_line' id='line_1_92' title="bbox 1220 2303 1932 2356; baseline -0.007 -13"><span class='ocrx_word' id='word_1_439' title='bbox 1220 2322 1359 2356; x_wconf 86' lang='lat' dir='ltr'>quoque</span> <span class='ocrx_word' id='word_1_440' title='bbox 1395 2308 1544 2342; x_wconf 78' lang='lat' dir='ltr'>Stormire</span> <span class='ocrx_word' id='word_1_441' title='bbox 1581 2318 1642 2348; x_wconf 90' lang='lat' dir='ltr'>pro</span> <span class='ocrx_word' id='word_1_442' title='bbox 1678 2303 1865 2350; x_wconf 68' lang='lat' dir='ltr'>Perstrepere</span> <span class='ocrx_word' id='word_1_443' title='bbox 1892 2316 1932 2338; x_wconf 89' lang='lat' dir='ltr'>u-</span> 
     </span>
     <span class='ocr_line' id='line_1_93' title="bbox 1221 2356 1931 2405; baseline -0.011 -11"><span class='ocrx_word' id='word_1_444' title='bbox 1221 2358 1395 2405; x_wconf 84' lang='lat' dir='ltr'>surpavit.</span> <span class='ocrx_word' id='word_1_445' title='bbox 1414 2357 1542 2398; x_wconf 75' lang='lat' dir='ltr'>Pulsare</span> <span class='ocrx_word' id='word_1_446' title='bbox 1561 2359 1757 2400; x_wconf 70' lang='lat' dir='ltr'>Campanam</span> <span class='ocrx_word' id='word_1_447' title='bbox 1776 2356 1820 2389; x_wconf 82' lang='lat' dir='ltr'>ad</span> <span class='ocrx_word' id='word_1_448' title='bbox 1837 2357 1931 2387; x_wconf 74' lang='lat' dir='ltr'>Stur-</span> 
     </span>
     <span class='ocr_line' id='line_1_94' title="bbox 1221 2401 1929 2457; baseline -0.004 -14"><span class='ocrx_word' id='word_1_449' title='bbox 1221 2423 1325 2452; x_wconf 84' lang='lat' dir='ltr'>mum,</span> <span class='ocrx_word' id='word_1_450' title='bbox 1355 2409 1484 2457; x_wconf 79' lang='lat' dir='ltr'>legitur</span> <span class='ocrx_word' id='word_1_451' title='bbox 1520 2407 1556 2443; x_wconf 88' lang='lat' dir='ltr'>in</span> <span class='ocrx_word' id='word_1_452' title='bbox 1585 2406 1769 2442; x_wconf 76' lang='lat' dir='ltr'>Chronico</span> <span class='ocrx_word' id='word_1_453' title='bbox 1806 2401 1929 2437; x_wconf 69' lang='lat' dir='ltr'>Domi-</span> 
     </span>
     <span class='ocr_line' id='line_1_95' title="bbox 1222 2454 1927 2497; baseline -0.009 -1"><span class='ocrx_word' id='word_1_454' title='bbox 1222 2460 1292 2496; x_wconf 87' lang='lat' dir='ltr'>nici</span> <span class='ocrx_word' id='word_1_455' title='bbox 1331 2460 1372 2495; x_wconf 92' lang='lat' dir='ltr'>de</span> <span class='ocrx_word' id='word_1_456' title='bbox 1399 2458 1555 2497; x_wconf 83' lang='lat' dir='ltr'>Gravina</span> <span class='ocrx_word' id='word_1_457' title='bbox 1587 2461 1705 2494; x_wconf 86' lang='lat' dir='ltr'>Tomo</span> <span class='ocrx_word' id='word_1_458' title='bbox 1742 2454 1819 2488; x_wconf 82' lang='grc' dir='ltr'>ΧΠ.</span> <span class='ocrx_word' id='word_1_459' title='bbox 1849 2455 1927 2491; x_wconf 87' lang='lat' dir='ltr'>Rer.</span> 
     </span>
     <span class='ocr_line' id='line_1_96' title="bbox 1222 2502 1926 2561; baseline -0.007 -14"><span class='ocrx_word' id='word_1_460' title='bbox 1222 2511 1375 2547; x_wconf 83' lang='lat' dir='ltr'>Italicar.</span> <span class='ocrx_word' id='word_1_461' title='bbox 1404 2526 1479 2561; x_wconf 81' lang='lat' dir='ltr'>pag.</span> <span class='ocrx_word' id='word_1_462' title='bbox 1509 2511 1589 2547; x_wconf 85' lang='lat'><em>620.</em></span> <span class='ocrx_word' id='word_1_463' title='bbox 1621 2502 1783 2541; x_wconf 75' lang='lat' dir='ltr'>Occurrit</span> <span class='ocrx_word' id='word_1_464' title='bbox 1818 2504 1926 2542; x_wconf 76' lang='lat' dir='ltr'>etiam</span> 
     </span>
    </p>
   </div>
   <div class='ocr_carea' id='block_1_9' title="bbox 1222 2554 1929 2643">
    <p class='ocr_par' dir='ltr' id='par_1_11' title="bbox 1222 2554 1929 2643">
     <span class='ocr_line' id='line_1_97' title="bbox 1222 2554 1929 2643; baseline -0.013 -43"><span class='ocrx_word' id='word_1_465' title='bbox 1222 2574 1294 2610; x_wconf 70' lang='lat' dir='ltr'>vox</span> <span class='ocrx_word' id='word_1_466' title='bbox 1311 2564 1466 2599; x_wconf 60' lang='lat' dir='ltr'>sturmin</span> <span class='ocrx_word' id='word_1_467' title='bbox 1485 2561 1522 2597; x_wconf 91' lang='lat' dir='ltr'>in</span> <span class='ocrx_word' id='word_1_468' title='bbox 1537 2554 1706 2593; x_wconf 83' lang='lat' dir='ltr'>Annalib.</span> <span class='ocrx_word' id='word_1_469' title='bbox 1721 2556 1929 2643; x_wconf 40' lang='lat' dir='ltr'>Geguftpvfib.</span> 
     </span>
     <span class='ocr_line' id='line_1_98' title="bbox 1799 2620 1881 2643; baseline 0.012 -1"><span class='ocrx_word' id='word_1_470' title='bbox 1799 2620 1814 2642; x_wconf 77' lang='lat' dir='ltr'>a</span> <span class='ocrx_word' id='word_1_471' title='bbox 1845 2620 1881 2643; x_wconf 80' lang='lat' dir='ltr'>a-</span> 
     </span>
    </p>
   </div>
  </div>
 </body>
</html>
