2169 3047
228 253 310 296 697

218 302 292 335 Cur
328 296 365 333 in
405 293 477 342 ipsa
515 292 668 329 muneris
705 292 928 329 institutione
960 295 994 329 A

218 347 386 394 Bargelli‚
412 347 444 380 &
474 357 543 379 non
581 345 786 384 Baroncelli,
812 344 926 380 statim

219 399 297 435 sunt
322 394 512 445 appellati?
539 396 592 430 At
617 395 775 438 Barisello
801 408 820 430 a
845 397 924 431 Mu-

218 447 428 490 tinensibus,
466 445 657 493 ceterisque
693 446 928 482 Lombardiae

217 497 362 546 Populis
413 495 610 532 PraefePtus
654 496 927 544 Apparitoribus

215 549 372 585 dicitur.
408 547 583 592 Baresellos
622 549 786 582 satellites
824 551 926 583 Bono—

215 600 393 639 niensium‚
431 598 574 634 circiter
615 601 761 633 Annum
798 598 927 635 Christi

214 651 445 686 MCCCLH.
486 649 785 685 commemorabat
826 651 925 685 Ano-

216 714 342 746 nymus
365 699 577 746 synchronus
597 701 705 736 Tom.
727 702 823 735 XVI.
849 703 927 735 Rer.

216 751 370 786 Italicar.
399 763 474 798 pag.
505 752 588 786 282.
617 752 698 785 Hoc
733 763 860 785 nomen
889 750 926 786 in

216 800 382 836 Tusciam
422 800 609 848 penetrasse
649 809 756 848 puto,
793 802 826 836 &
865 815 927 850 pro

215 864 312 886 more
344 851 495 886 Dialeffi
525 851 623 886 illius
656 851 860 887 conversum
888 852 925 887 in

216 903 386 948 Bargello.
415 903 509 936 Tum
549 904 766 937 statutorum
804 902 925 938 condi-

215 962 307 987 tores
342 952 512 988 Latinum
552 953 695 988 verbum
724 954 927 988 Baro-arelius

216 1016 280 1051 pro
317 1003 493 1045 Barisello,
522 1001 577 1038 seu
605 1004 755 1050 Bargello
783 1003 924 1052 excogi-

216 1053 299 1089 tasse
327 1052 416 1088 mihi
442 1053 627 1097 videntur,
649 1053 702 1088 sed
727 1055 827 1088 nullo
853 1067 924 1088 cer-

216 1114 251 1139 te
292 1103 448 1146 indicio,
490 1116 686 1150 germanam
731 1103 819 1138 hanc
860 1103 924 1138 effe

214 1154 387 1200 originem
436 1153 534 1187 vocis
579 1153 759 1200 Bargello.
805 1155 924 1197 Quare

214 1202 325 1237 adhuc
354 1202 464 1237 animi
494 1202 644 1249 pendeo.
684 1205 854 1239 Barrachel
882 1205 923 1239 ab
948 1212 949 1216 ’

214 1252 382 1299 Hispanis
410 1254 606 1301 appellatur
632 1253 658 1289 il
688 1255 858 1301 Bargello.

163 1307 333 1338 Barlume.
372 1306 505 1338 Vocem
543 1304 630 1338 hanc
669 1305 719 1339 ita
749 1305 923 1342 Au&ores

215 1353 444 1388 Vocabularii
471 1354 670 1389 Florentini
694 1355 822 1389 Latine
847 1356 922 1390 red—

214 1404 322 1439 dunt:
362 1403 529 1447 Obscurum
565 1403 649 1443 dici,
677 1403 843 1447 confinium
873 1406 923 1438 lu-

215 1455 256 1488 cis
300 1455 341 1487 <9
384 1456 532 1488 umbrae.
570 1455 646 1500 Ego
684 1454 776 1490 idem
820 1464 923 1502 atque

215 1504 434 1549 Crepusculum
462 1514 566 1552 puto.
596 1506 641 1539 Et
666 1505 832 1552 quoniam
862 1506 923 1554 ipfi

215 1555 396 1592 addidere,
419 1567 477 1602 per
496 1554 594 1590 illam
625 1554 809 1603 significari
831 1556 923 1604 quasl

215 1607 306 1641 vario
342 1607 443 1644 lume,
471 1615 521 1639 tra
554 1605 634 1638 lume
670 1620 685 1639 e
711 1606 805 1651 bujo,
838 1607 922 1642 arri—

215 1656 294 1705 puit
319 1655 402 1691 haec
430 1656 532 1691 verba
557 1655 767 1704 Menagius,
788 1657 922 1693 statuit-

215 1720 282 1754 que
304 1716 468 1754 tanquam
491 1715 622 1741 certum
656 1707 721 1742 hoc
743 1709 898 1753 Etymon
914 1736 922 1751 ‚

216 1767 256 1792 ut
277 1756 443 1792 nimirum
466 1758 617 1791 Barlume
637 1771 679 1793 ex
702 1760 831 1792 Varium
856 1762 923 1793 Lu-

213 1821 281 1842 men
312 1807 500 1856 prodierit.
533 1807 632 1842 Mihi
670 1807 780 1843 adhuc
817 1809 858 1843 de
885 1823 922 1844 o-

213 1858 329 1906 rigine
367 1858 463 1893 vocis
494 1857 723 1893 dubitandum
763 1858 922 1895 videtur.

213 1908 326 1944 Aliud
355 1909 449 1944 enim
487 1908 532 1943 est
561 1912 689 1944 Varium
718 1913 859 1949 Lumen,
888 1924 920 1945 a—

211 1959 288 1995 liud
315 1961 467 1998 dubium,
496 1959 563 1993 five
600 1960 776 2005 confusum,
806 1971 865 1997 aut
892 1975 919 1995 e-

213 2010 362 2056 xiguum.
407 2009 522 2044 Prima
550 2023 620 2045 vox
657 2024 836 2058 nunquam
864 2012 919 2047 de-

215 2059 346 2107 signet,
374 2060 466 2107 quod
503 2073 566 2095 nos
596 2074 653 2108 per
680 2063 832 2096 Bariume
868 2062 919 2097 in—

213 2109 431 2158 telligimus.
458 2113 504 2146 Et
532 2124 638 2159 quum
673 2112 797 2147 Italica
827 2126 918 2161 pror-

213 2160 267 2196 sus
290 2160 328 2195 (it
349 2160 431 2196 haec
453 2174 547 2203 vox,
568 2162 609 2196 ad
635 2163 814 2198 Gallicum
839 2168 922 2198 Bar-

214 2212 289 2258 long
316 2209 434 2246 frustra
461 2226 479 2247 a
516 2212 705 2261 Menagio:
737 2227 823 2262 quae
852 2228 920 2251 vox

214 2261 388 2310 significat
424 2275 495 2297 rem
532 2276 575 2298 ex
604 2276 673 2299 uno
708 2264 817 2300 latere
844 2266 920 2300 lon—

214 2312 371 2360 giorem,
399 2314 502 2359 quam
532 2327 574 2348 ex
603 2315 734 2350 altero.
772 2318 843 2351 Aut
871 2330 923 2351 er-

212 2375 258 2411 go
287 2364 435 2398 Ferrarii
464 2364 695 2410 Etymologia
722 2365 765 2400 est
794 2366 917 2412 praefe-

210 2413 317 2449 renda
345 2413 536 2455 censentis,
565 2427 606 2449 ex
639 2417 753 2449 Parum
779 2417 924 2450 Luminis

206 2469 350 2500 'enaram
382 2477 501 2499 vocem
532 2465 713 2508 Barlumq
743 2476 801 2501 aut
829 2467 922 2513 quod

211 2514 305 2550 idem
333 2514 399 2554 est,
423 2528 465 2551 ex
494 2519 612 2550 Parum
640 2519 758 2551 Lumen
787 2517 920 2553 deriva-

210 2572 284 2602 tam
304 2565 444 2615 opinari
468 2565 573 2604 iicet.
599 2567 724 2615 Neque
748 2567 842 2604 enim
864 2581 924 2605 au-

511 232 877 278 DJSSERTATIO
909 232 1384 278 TRIGESIMATERT!
1395 235 1428 274 A
1440 245 1451 277 .’

1089 293 1154 330 deo
1181 293 1342 329 arceffere
1366 292 1466 328 illam
1492 307 1535 329 ex
1562 299 1644 331 Pare
1667 296 1705 333 &
1730 302 1799 332 Lu-

1088 359 1155 388 me,
1192 343 1284 393 quasi
1322 353 1505 393 appareat,
1539 357 1610 380 non
1648 350 1730 383 vero
1758 348 1799 383 fit

1089 395 1199 431 adhuc
1236 397 1400 439 Lumen,
1441 407 1641 443 quanquam
1678 410 1798 434 revera

1088 447 1240 482 Barlume
1263 459 1338 482 earn
1367 445 1659 494 significationem
1685 448 1798 495 patia-

1088 506 1164 533 tur.
1193 497 1310 533 Facile
1349 499 1431 533 vero
1458 500 1497 532 P.
1526 496 1563 533 in
1592 501 1633 533 B.
1668 499 1798 534 mutari

1089 547 1229 595 potuit,
1258 547 1311 584 uti
1350 547 1480 583 fatstum
1509 547 1546 583 in
1584 551 1701 584 Bramo
1729 551 1799 584 lta-

1089 598 1182 642 lico,
1211 599 1248 634 in
1288 599 1460 643 Bruciare,
1488 612 1531 635 ex
1568 599 1710 636 Latinis
1736 604 1800 635 Pe-

1089 663 1173 683 mmo
1200 651 1233 684 8<
1272 648 1452 695 Peruffare,
1481 663 1519 685 ac
1553 649 1590 685 in
1627 650 1708 686 aliis
1735 663 1801 687 vo-

1090 700 1186 735 cibus
1209 700 1248 735 de
1265 701 1391 748 quibus
1412 699 1523 747 infra.
1539 702 1653 737 Erunt
1668 701 1774 737 etiarn
1789 729 1800 746 ,

1089 752 1151 798 qui
1172 765 1214 786 ex
1232 754 1336 785 Barra
1353 750 1568 800 significante
1590 753 1801 799 Impedimen-

1089 811 1176 841 tum,
1204 801 1424 845 Obstasulum,
1453 800 1491 837 &
1521 806 1663 842 Lumen,
1691 801 1801 852 suspi-

1090 852 1160 887 cari
1183 861 1347 900 poterunt
1368 862 1509 888 enatum
1532 854 1701 889 Barlume.
1722 856 1800 890 Aut

1090 916 1107 938 e
1133 906 1240 947 Baro,
1267 903 1368 938 nobis
1395 902 1611 951 significante
1636 907 1801 951 Inganna-

1089 963 1173 996 tore,
1209 952 1300 1000 quafi
1338 953 1377 988 fit
1414 957 1534 988 Lumen
1571 968 1630 988 non
1666 968 1800 991 verum.

1090 1003 1153 1038 Sed
1180 1003 1290 1039 adhuc
1315 1003 1351 1038 in
1377 1003 1523 1040 obscuro
1544 1018 1596 1040 res
1621 1004 1711 1040 mihi
1737 1006 1800 1041 est.

1039 1058 1143 1088 Baro.
1185 1054 1253 1100 ‚Qui
1287 1054 1445 1098 fraudat.
1487 1059 1609 1090 Barare
1649 1055 1801 1092 dicimus

1091 1117 1153 1151 pro
1182 1105 1351 1150 Decipere,
1380 1105 1579 1152 praesertim
1609 1106 1645 1141 in
1676 1107 1800 1146 Ludo,

1090 1162 1195 1200 atque
1222 1153 1258 1188 in
1288 1153 1563 1189 Contrafiiibus.
1591 1157 1708 1191 Habet
1736 1157 1803 1192 ali-

1090 1203 1174 1251 quid
1204 1203 1307 1239 affine
1335 1204 1474 1253 Lingua
1500 1205 1676 1245 Arabica,
1704 1220 1804 1241 nem-

1091 1268 1132 1302 pe
1160 1258 1272 1300 Bura,
1301 1253 1497 1303 significans
1526 1256 1693 1296 Perdidit,
1719 1258 1803 1292 Exi-

1089 1305 1134 1340 tio
1160 1308 1270 1349 dedit,
1299 1306 1421 1346 Periit,
1449 1307 1597 1341 Perdims
1625 1308 1657 1342 ἃ
1687 1310 1804 1342 Corru-

1087 1366 1162 1400 ptus
1184 1357 1271 1400 fuit.
1309 1357 1393 1392 Inde
1430 1361 1579 1398 Bovuro,
1608 1362 1707 1392 Homo
1731 1370 1803 1406 per—

1089 1407 1177 1440 ditus
1204 1407 1250 1445 όν
1278 1420 1429 1451 nequam.
1462 1409 1508 1442 Et
1537 1411 1645 1452 Bam,
1673 1410 1803 1454 Afide

1090 1456 1244 1502 quispiam
1270 1457 1424 1500 descivit,
1453 1457 1505 1492 uti
1543 1460 1698 1507 Giggeus
1726 1459 1802 1495 ani—

1091 1507 1310 1542 madv-ertit.
1353 1509 1386 1542 A
1429 1511 1550 1542 Rarare
1591 1509 1803 1546 descendunt

1090 1561 1228 1591 Raram
1251 1556 1287 1593 ἂ
1316 1559 1521 1597 Baratteria,
1546 1572 1633 1605 quae
1654 1561 1803 1605 fraudem

1090 1606 1311 1656 fignificant3
1341 1608 1393 1642 uti
1421 1609 1454 1642 δ(
1484 1610 1664 1643 Barattiere
1694 1614 1803 1645 frau-

1090 1659 1201 1698 dator,
1240 1661 1410 1703 Deceptor.
1449 1660 1548 1703 Quae
1586 1661 1729 1696 nomina
1767 1675 1803 1697 e-

1090 1708 1177 1743 tiam
1216 1709 1336 1751 Galli,
1366 1708 1539 1758 Hispani.
1567 1711 1600 1745 &
1639 1712 1802 1748 Britanni

1091 1758 1275 1803 usurpant.
1313 1759 1436 1795 Illi-ne
1464 1773 1483 1794 a
1514 1761 1640 1804 nobis,
1668 1775 1711 1797 an
1739 1776 1802 1798 nos

1092 1811 1133 1844 ab
1161 1810 1236 1845 illis
1274 1810 1529 1857 acceperimus,
1564 1811 1674 1847 adhuc
1711 1813 1803 1849 mihi

1091 1860 1264 1896 incertum
1294 1859 1357 1894 est.
1384 1861 1605 1897 Mercaturae
1631 1864 1802 1900 vocabula

1091 1910 1192 1954 sunt,
1221 1910 1258 1947 ἃ
1287 1910 1390 1946 facile
1426 1921 1606 1959 propterea
1635 1927 1804 1963 propaga-

1092 1971 1147 1996 ta.
1176 1964 1230 1997 Ex
1267 1961 1389 1997 eodem
1427 1975 1566 2010 quoque
1602 1962 1700 2000 fonte
1728 1979 1803 2001 ma-

1094 2012 1184 2047 naffe
1221 2025 1239 2047 a
1268 2013 1449 2047 nonnullis
1487 2014 1640 2050 creditur
1667 2018 1804 2051 Baratto

1093 2063 1310 2102 Permutatio,
1340 2064 1369 2098 8<
1402 2067 1572 2098 Barattare
1600 2068 1804 2102 Permutare:

1093 2113 1204 2148 immo
1241 2111 1277 2149 ἃ
1315 2113 1381 2148 hoc
1414 2114 1600 2151 dicendum
1637 2117 1702 2152 effe
1738 2131 1804 2153 no—

1093 2177 1171 2199 men
1201 2164 1425 2211 primitivum
1456 2165 1695 2204 arbitrantur.
1723 2168 1805 2204 Ista.-

1093 2228 1168 2250 rum
1200 2228 1325 2250 vocum
1364 2216 1465 2264 origo
1493 2216 1603 2253 adhuc
1641 2218 1678 2253 in
1706 2229 1805 2255 tene-

1093 2265 1163 2301 bris
1186 2265 1345 2301 conclusa
1367 2266 1430 2302 est.
1459 2268 1566 2303 Porro
1592 2279 1724 2305 certum
1747 2269 1804 2307 vi-

1092 2315 1211 2359 derur,
1234 2330 1251 2352 e
1276 2321 1362 2352 Baro
1390 2321 1557 2365 Deceptor‚
1579 2319 1802 2356 efformatum

1091 2367 1179 2413 apud
1209 2381 1270 2403 nos
1299 2368 1396 2404 fuiffe
1425 2372 1572 2411 Eamne,
1601 2383 1708 2417 quum
1737 2372 1803 2407 hoc

1090 2418 1234 2454 nomine
1275 2419 1476 2465 improbum
1521 2422 1723 2469 quempiam
1767 2423 1802 2457 δ(

1090 2470 1297 2504 nebulonem
1332 2470 1504 2519 designare
1543 2473 1731 2514 volumus,
1761 2472 1803 2507 sl-

1088 2520 1290 2568 gnificaturi
1319 2534 1355 2555 ea
1386 2534 1472 2556 voce
1509 2535 1551 2556 un
1575 2537 1657 2570 gran
1692 2527 1798 2558 Baro.

1038 2573 1248 2607 Barracano.
1290 2570 1403 2608 Panni
1444 2571 1595 2621 species.
1641 2573 1799 2620 Nescio,

1681 2635 1743 2670 cur
